1592 2664
1121 97 1364 139 CARMEN
1392 97 1468 135 XL

675 217 751 255 XL

140 287 356 336 QVAENAM
386 291 426 323 te
454 284 558 323 mala
585 294 708 329 mens,
740 279 890 319 miselle
918 276 1086 323 Rauide,

138 349 218 401 agit
246 348 499 401 praecipitem
528 347 570 386 in
600 359 710 386 meos
738 345 921 384 iambos?

139 414 227 466 quis
255 416 354 454 deus
383 413 455 453 tibi
484 426 566 452 non
594 412 698 451 bene
724 411 943 450 aduocatus

140 481 351 519 uecordem
381 486 491 530 parat
519 477 687 517 excitare
715 475 866 515 rixam?

138 557 190 583 an
217 552 261 583 ut
288 543 495 594 peruenias
524 542 565 581 in
594 555 662 581 ora
689 539 827 591 uulgi?
1109 533 1115 536 ”
1447 549 1466 580 5

139 609 236 661 quid
265 609 354 649 uis?
390 622 469 660 qua
497 608 607 647 lubet
634 619 721 646 esse
748 612 867 644 notus
895 605 1037 655 optas?

139 674 223 722 eris,
255 673 580 725 quandoquidem
611 684 721 711 meos
749 682 903 709 amores

139 753 230 779 cum
259 740 376 790 longa
403 737 563 778 uoluisti
591 750 722 778 amare
749 748 889 787 poena.

673 846 770 884 XLI

246 932 432 968 AMEANA
460 929 590 979 puella
618 928 798 966 defututa

247 1001 330 1034 tota
357 993 463 1032 milia
492 988 556 1031 me
583 993 723 1031 decem
753 989 945 1041 poposcit,

245 1059 329 1097 ista·
346 1057 540 1108 turpiculo
567 1057 698 1108 puella
725 1067 833 1102 naso,

246 1122 465 1163 decoctoris
493 1121 621 1160 amica
649 1119 857 1160 Formiani.

246 1186 471 1238 propinqui,
498 1185 642 1236 quibus
670 1192 730 1224 est
758 1185 888 1235 puella
916 1196 1044 1232 curae,
1444 1196 1463 1228 5

245 1250 394 1290 amicos
423 1249 678 1300 medicosque
707 1255 950 1288 conuocate:

245 1330 326 1356 non
355 1323 414 1355 est
442 1328 537 1355 sana
564 1315 704 1366 puella,
736 1327 811 1354 nec
838 1326 974 1364 rogare

246 1380 371 1432 qualis
400 1380 448 1420 sit
477 1381 577 1419 solet
604 1392 670 1419 aes
700 1378 973 1429 imaginosum.

667 1489 788 1527 XLII

242 1572 423 1617 ADESTE‚
454 1568 783 1619 hendecasyllabi,
811 1575 909 1619 quot
936 1568 1029 1608 estis

242 1648 380 1675 omnes
410 1633 597 1685 undique,
629 1640 826 1684 quotquot
854 1632 946 1672 estis
975 1646 1125 1673 omnes.

177 1722 240 1754 XL
262 1731 311 1753 AD
335 1729 498 1752 nAvmvm
516 1723 541 1751 Ω
557 1731 564 1751 :
598 1719 731 1751 nullum
747 1720 894 1760 spatium
911 1720 944 1750 in
964 1719 994 1750 O
1121 1729 1135 1750 1
1162 1719 1282 1752 Raude
1296 1719 1456 1760 Faernus,

135 1766 175 1798 L.
192 1765 331 1797 Mueller
456 1774 476 1804 3
501 1764 584 1796 deus
600 1774 666 1794 om.
678 1763 732 1795 B:
756 1764 842 1794 dens
859 1763 923 1795 ΟΛ
1042 1767 1206 1794 auocatus
1221 1763 1404 1805 (suprascr.
1421 1764 1459 1805 d)

136 1808 187 1840 G:
210 1819 304 1841 auoc.
323 1807 539 1840 ORBLa¹Ch
672 1816 692 1847 5
714 1807 897 1847 peruenias
913 1811 962 1847 p:
988 1807 1231 1846 pel-ueniamus
1246 1810 1273 1837 Ω
1318 1807 1458 1839 Versum

134 1851 357 1884 adulterinum
389 1854 481 1883 ratus
511 1854 557 1883 est
587 1850 741 1883 Schmidt
749 1861 765 1888 ;
801 1850 860 1882 sed
887 1851 920 1880 in
946 1859 1006 1881 ora
1028 1850 1119 1890 uulgi
1151 1850 1280 1881 uidetur
1305 1849 1461 1882 imitatus

134 1894 284 1927 ffir'ricus
298 1895 438 1927 Allocut.
469 1894 518 1926 ad
540 1895 662 1926 librum
686 1905 729 1933 29
755 1894 882 1925 Traube
905 1893 1007 1936 (Poet.
1032 1892 1108 1925 Lat.
1133 1893 1210 1924 aeui
1232 1893 1380 1926 Carolim'
1390 1894 1456 1936 III,

130 1943 164 1979 p.
183 1938 262 1978 437)
278 1943 312 1970 et
329 1939 363 1969 ni
379 1938 544 1979 proripias
560 1939 593 1969 in
610 1948 670 1970 ora
685 1937 777 1978 uulgi
930 1939 952 1968 6
967 1937 1075 1968 cuiuis
1095 1936 1176 1968 Voss
1325 1939 1346 1969 8
1368 1948 1459 1978 pena

137 1981 189 2013 Oa
199 1982 302 2013 Laur.
315 1991 367 2021 33.
379 1992 418 2012 12
431 1994 438 2013 :
463 1992 587 2022 poema
597 1982 637 2013 al.
652 1993 741 2022 pena
753 1982 786 2024 (ς
796 1981 846 2023 R)
860 1979 995 2012 GRVen

177 2024 256 2055 XLI
280 2035 357 2056 cum
372 2023 436 2056 XL
452 2025 645 2056 mntinuant
658 2025 774 2056 codices
930 2035 944 2055 1
969 2024 1002 2055 A
1025 2034 1124 2056 mean
1142 2035 1163 2056 a
1180 2024 1232 2056 O:
1255 2024 1288 2056 A
1303 2034 1358 2056 me
1374 2035 1418 2056 an
1437 2035 1458 2057 a

137 2066 302 2099 GRBVen
346 2067 390 2098 Id
394 2073 456 2109 pro
465 2068 643 2100 Ammiana
654 2070 769 2100 rustice
777 2067 901 2100 dubium
909 2069 1050 2110 putabat
1057 2068 1239 2100 Froehner:
1259 2067 1361 2099 Anne
1374 2078 1459 2100 sana

136 2110 234 2142 Conr.
254 2110 293 2142 de
306 2110 399 2142 Allia
419 2114 450 2142 et
469 2111 513 2143 K.
531 2111 571 2144 P.
592 2111 749 2144 Schulze:
774 2112 933 2152 Ametina
955 2111 1096 2152 Haupt:
1118 2111 1279 2143 Anniana
1302 2111 1458 2144 Schwabe

134 2153 286 2185 defututa
301 2152 403 2185 DOG
414 2164 423 2184 t
446 2154 603 2186 defutura
625 2159 689 2187 vett.
845 2165 866 2195 5
890 2155 1002 2196 puella
1022 2156 1090 2187 AC
1101 2167 1109 2187 t
1133 2155 1246 2195 puelle
1266 2158 1293 2186 Ω
1434 2157 1457 2187 6

132 2206 322 2229 conuocare
338 2200 365 2228 Ω
380 2208 387 2229 :
412 2203 597 2230 conuscate
614 2198 644 2230 C
738 2208 756 2239 7
780 2204 899 2239 rogate
913 2198 948 2230 A
953 2199 1001 2231 Ca
1018 2199 1154 2231 Lachm.
1261 2200 1283 2230 8
1305 2198 1376 2231 olet
1390 2199 1460 2231 AC

131 2250 190 2272 aes
208 2239 394 2272 Froeltliclt:
430 2245 465 2272 et
492 2244 541 2273 n:
575 2252 619 2273 en
636 2241 855 2282 imaginosem
871 2242 1017 2284 Doen‘ng
1129 2253 1193 2274 nec
1212 2252 1331 2283 rogare
1346 2243 1455 2284 qualis

130 2283 177 2314 sit
199 2284 286 2315 solet
300 2283 482 2316 Ammiana
503 2294 621 2316 nasum
638 2284 680 2317 R.
699 2286 734 2318 Y.
760 2286 883 2326 Tyrrell
893 2297 901 2317 ε
923 2286 1005 2325 fort.
1027 2295 1091 2318 nec
1113 2291 1230 2327 rogate
1254 2286 1382 2326 qualis:
1404 2288 1454 2319 sic

131 2325 201 2358 olet
216 2336 276 2358 aes
296 2326 519 2368 imaginosum

173 2369 272 2401 XLII
295 2381 370 2402 cum
385 2370 475 2402 XLI
491 2371 683 2403 continuant
695 2370 810 2404 codtkes
942 2382 957 2404 1
983 2373 1138 2405 endecha
1157 2372 1265 2405 sillabi
1284 2373 1452 2406 GORVen

130 2417 211 2454 quot
226 2414 309 2446 &stis
323 2415 459 2458 omnes]
477 2414 590 2448 Car-m.
607 2414 721 2458 Epigr.
746 2424 839 2456 1504.
862 2425 902 2457 13
916 2415 1037 2449 Buech.
1053 2420 1137 2457 quot
1153 2417 1254 2460 est[is
1268 2417 1336 2460 om]
1345 2428 1407 2451 nes
