1682 2690
233 147 476 187 CATVLLI

232 267 350 311 atque
378 260 431 299 ibi
461 273 523 299 me
551 258 702 299 cunctis
730 270 801 310 pro
827 257 934 298 dulci
962 255 1129 307 coniuge
1156 255 1259 295 diuis

285 337 366 363 non
395 323 478 363 sine
506 322 658 362 taurino
686 321 874 372 sanguine
901 319 1073 373 pollicita
1099 333 1152 367 es,

233 387 265 427 si
293 387 460 428 reditum
488 386 687 427 tetulisset.
745 385 777 426 is
805 387 901 425 haut
928 384 968 424 in
997 391 1172 435 tempore
1199 385 1318 434 longo
1498 398 1539 432 35

286 459 440 503 captam
469 450 604 490 Asiam
633 448 800 501 Aegypti
829 448 973 488 finibus
1001 446 1216 488 addiderat.

233 515 320 567 quis
348 528 421 565 ego
449 528 519 566 pro
546 513 657 554 factis
685 513 841 553 caelesti
869 512 1021 553 reddita
1047 518 1163 553 coetu

287 579 448 630 pristina
475 586 568 619 uota
595 591 703 618 nouo
731 590 892 617 munere
919 577 1104 617 dissoluo.

234 643 366 691 inuita,
397 656 423 683 ο
450 643 591 694 regina,
623 650 692 682 tuo
720 643 771 682 de
799 641 944 684 uertice
972 640 1082 688 cessi,

287 707 431 747 inuita:
469 707 606 747 adiuro
634 714 752 757 teque
779 714 970 756 tuumque
997 711 1126 757 eaput,
1499 718 1543 750 ⁴0

233 773 352 823 digna
379 773 475 812 ferat
503 772 611 823 quod
639 770 760 821 siquis
788 770 954 810 inaniter
979 769 1187 809 adiurarit:

288 837 358 876 sed
386 835 453 886 qui
481 848 523 875 se
550 836 650 874 ferro
678 835 849 886 postulet
877 846 962 873 esse
989 834 1152 884 parem?

234 900 299 940 ille
327 912 486 951 quoque
514 911 672 938 euersus
701 910 815 938 mons
842 904 912 945 est,
943 910 1062 948 quem
1090 895 1303 936 maximum
1332 894 1373 934 in
1399 893 1477 935 oris

288 962 492 1015 progenies
520 962 646 1002 Thiae
673 963 776 1002 clara
803 960 1087 1013 superuehitur,

235 1041 326 1068 cum
356 1026 467 1066 Medi
495 1039 679 1077 peperere
707 1039 857 1066 nouum
885 1038 1002 1074 mare,
1031 1035 1202 1075 cumque
1230 1022 1413 1062 iuuentus
1500 1038 1542 1071 ⁴5

288 1105 357 1143 per
384 1090 559 1130 medium
587 1089 699 1130 classi
728 1090 891 1129 barbara
918 1088 1026 1128 nauit
1054 1089 1202 1127 Athon.

235 1155 332 1206 quid
359 1154 503 1194 facient
531 1153 666 1201 crines,
697 1166 789 1193 cum
817 1154 916 1192 ferro
945 1151 1036 1191 talia
1062 1152 1235 1191 cedant?

290 1217 476 1269 Iuppiter,
506 1224 549 1257 ut
577 1217 785 1267 Chalybon
813 1228 932 1256 omne
959 1227 1082 1266 genus
1110 1220 1252 1266 pereat,

235 1290 274 1323 et
302 1283 370 1334 qui
398 1281 589 1333 principio
616 1282 690 1321 sub
717 1288 816 1320 terra
841 1291 1027 1332 quaerere
1053 1288 1175 1319 uenas

289 1346 428 1386 institit
454 1359 502 1386 ac
529 1345 616 1385 ferri
644 1344 829 1395 stringere
856 1343 1063 1384 duritiem!
1504 1355 1547 1389 50

236 1410 444 1451 abiunctae
471 1411 589 1461 paulo
616 1416 708 1449 ante
735 1421 872 1448 comae
899 1421 988 1447 mea
1014 1408 1093 1447 fata
1120 1420 1271 1448 sorores

289 1474 486 1525 lugebant,
515 1486 607 1512 cum
634 1485 677 1513 se
705 1471 933 1512 Memnonis
961 1471 1167 1522 Aethiopis

236 1537 406 1589 unigena
433 1537 637 1589 impellens
665 1535 893 1576 nutantibus
920 1548 1011 1577 aera
1037 1533 1178 1588 pennis

279 1650 321 1680 33
337 1650 390 1671 me
403 1639 504 1671 nescio
515 1639 587 1680 quis
594 1638 759 1671 Italorum
768 1649 846 1672 saec.
859 1650 912 1679 xv,
926 1639 1057 1679 Bentley
1155 1647 1220 1679 pro
1234 1637 1320 1670 codd.
1339 1649 1347 1670 z
1362 1637 1442 1678 sort.
1453 1646 1543 1678 prae,

237 1683 327 1724 quod
338 1684 430 1714 habet
443 1682 490 1714 ed.
513 1682 615 1715 Tn'nc.
747 1692 790 1722 34
813 1683 944 1714 taurino
959 1692 1025 1715 om.
1045 1681 1077 1713 O
1203 1690 1246 1722 35
1268 1681 1315 1723 si]
1331 1681 1391 1712 sed
1403 1679 1456 1712 0:
1485 1681 1547 1711 sed

237 1725 279 1758 al.
292 1726 321 1757 si
339 1725 501 1757 GRBVen
586 1729 622 1758 te
637 1724 768 1757 tulisset
783 1728 811 1756 Ω
899 1726 980 1757 haut
997 1723 1137 1758 Conrad.
1153 1722 1193 1757 de
1205 1723 1319 1755 Allio:
1340 1728 1398 1756 aut
1413 1726 1441 1754 Ω
1496 1723 1545 1760 inl

238 1770 284 1800 ita
299 1768 464 1800 Froehlich
664 1778 708 1808 40
730 1768 840 1808 Etym.
860 1767 971 1809 Magn.
986 1777 1014 1800 s.
1032 1777 1065 1800 u.
1081 1766 1250 1808 Θηλαμών·
1274 1766 1401 1807 Εἴρηται
1417 1764 1483 1807 ’γὰρ
1497 1764 1548 1796 καὶ

237 1811 379 1851 θηλυκῶς
393 1810 473 1851 κάρη
487 1810 528 1843 ὡς
543 1810 622 1850 παρὰ
638 1809 848 1852 Καλλιμάχῳ,
868 1810 933 1850 Σήν
950 1809 1052 1852 (codd.
1069 1809 1124 1852 ἦν)
1139 1820 1175 1842 τε
1191 1808 1289 1851 κάρην
1303 1809 1412 1848 ὤμοσα
1435 1807 1493 1839 σόν
1512 1820 1546 1840 τε

238 1854 311 1890 βίον
471 1863 510 1893 41
535 1854 696 1886 adiurat-it
717 1854 763 1886 h:
792 1854 964 1885 adim-aret
986 1856 1013 1884 Ω
1152 1861 1196 1892 43
1218 1851 1335 1894 quem]
1360 1861 1447 1892 quae
1474 1850 1549 1891 Oap

239 1897 383 1929 maxima
399 1899 446 1929 n:
468 1897 648 1929 maximum
666 1896 816 1929 Guarino
831 1897 987 1928 tribuitur
1053 1895 1145 1936 horis
1162 1895 1230 1931 Vm,
1247 1904 1314 1927 non
1329 1894 1364 1926 R
1377 1906 1386 1926 ι
1408 1895 1441 1926 in
1458 1894 1548 1925 auris

244 1939 354 1971 Weber
436 1950 479 1980 44
493 1940 598 1971 Thiae
615 1939 696 1979 Voss,
709 1939 862 1978 Bentley:
886 1938 998 1971 Phitie
1011 1938 1126 1979 (Phyt.
1141 1937 1205 1969 GR
1211 1937 1296 1969 Vena
1306 1936 1410 1970 Laur.
1422 1946 1475 1976 33.
1492 1938 1547 1977 12)

240 1986 286 2015 n:
310 1982 442 2023 Thyiae
459 1982 555 2015 conr.
574 1981 613 2014 de
627 1983 733 2014 Allia:
759 1982 903 2014 Phthiae
918 1980 1000 2013 Ald.
1016 1981 1039 2013 I
1141 1989 1184 2021 45
1206 1985 1277 2013 turn
1294 1981 1327 2013 O
1339 1985 1373 2013 et
1387 1979 1416 2011 G
1434 1990 1480 2011 m.
1493 1984 1544 2021 pr.

241 2028 279 2056 ut
300 2024 446 2058 uidetur:
468 2035 635 2066 peperere
660 2025 729 2066 (uel
748 2024 885 2066 rupere)
907 2024 1002 2058 Itali:
1034 2029 1180 2065 propere
1206 2027 1235 2055 Ω
1261 2023 1328 2055 nisi
1350 2022 1443 2064 quod
1467 2022 1502 2053 in
1522 2021 1552 2054 C

239 2072 285 2099 est
297 2073 428 2110 propter
442 2068 615 2110 (suprascr.
628 2069 703 2107 ere)
717 2079 724 2099 :
747 2077 895 2109 prupere
909 2063 957 2099 ed.
974 2070 1043 2099 ane.
1060 2076 1141 2099 saec.
1159 2076 1224 2099 xv:
1247 2066 1409 2108 pepulere
1420 2063 1550 2097 statius

241 2110 552 2187 ἓῖἳὲῗᾏωῖἕζοὶι
568 2116 670 2186 ”iique
692 2109 1074 2186 ²¹·2⁰⁰¹22⁰2055.Vz2²
1089 2114 1206 2184 1332?
1234 2108 1490 2186 ⁶55¹‘22ss22w
1506 2108 1550 2182 ἒξ

239 2196 395 2230 ἀπόλοιτο
403 2164 501 2240 Picum:
516 2163 865 2236 reibossiffrfafflm,
875 2194 974 2228 κακὸν
985 2194 1098 2237 φυτόν,
1108 2195 1144 2227 οἴ
1153 2163 1351 2238 pungnam.
1395 2193 1489 2226 Idem
1504 2191 1554 2225 ad

240 2240 267 2272 1.
284 2250 366 2281 1323
449 2240 626 2280 Chalybon
636 2239 823 2272 Politianus
835 2250 845 2271 ι
858 2238 931 2281 c(sc
941 2238 1107 2279 meleu-um
1120 2237 1172 2270 01·
1186 2249 1195 2270 t
1210 2238 1342 2270 celitum
1351 2236 1392 2269 al.
1403 2236 1549 2268 celorum

241 2283 275 2314 R
295 2286 325 2315 et
344 2284 389 2316 sic
409 2283 467 2316 sed
481 2283 592 2316 addito
610 2282 653 2315 al.
675 2282 800 2315 celtum
827 2279 907 2315 Wn:
928 2281 1063 2314 celitum
1081 2279 1278 2313 GLa¹AcD
1403 2289 1447 2319 5ο
1469 2278 1549 2310 ferri

241 2327 407 2366 stringere
437 2327 560 2368 Heyse:
605 2326 703 2358 serris
727 2325 868 2367 srinffin.
899 2324 1030 2365 0)gere
1053 2327 1099 2357 n:
1139 2320 1218 2356 ferri
1240 2324 1395 2364 frangere
1421 2321 1502 2365 Dap
1521 2324 1553 2354 et

242 2368 348 2403 Pan‘s.
365 2370 452 2412 7989
579 2378 624 2411 52
646 2369 799 2401 menonis
820 2368 873 2400 O:
895 2368 1091 2400 menoniso
