1592 2664
1157 105 1400 147 CARMEN
1418 92 1468 142 ‘x

188 226 317 265 ‘non’
345 224 508 276 inquam
540 221 659 262 ‘mihi
689 229 769 262 tam
798 220 872 261 fuit
900 219 1081 272 maligne,

189 296 243 337 ut,
273 289 478 340 prouincia
506 290 616 340 quod
645 289 749 327 mala
777 285 991 334 incidisset,

190 367 271 394 non
300 367 459 405 possem
488 361 580 394 octo
608 352 791 392 homines
821 364 956 403 parare
985 350 1138 389 rectos.’
1427 362 1469 386 20

190 425 231 458 at
258 418 313 458 mi
342 419 472 459 nullus
502 426 584 458 erat
612 430 742 468 neque
771 416 836 455 hic
864 429 995 466 neque
1024 413 1114 462 illic,

192 484 358 523 fractum
388 483 456 535 qui
486 482 629 523 ueteris
657 483 802 534 pedem
831 479 982 532 grabati

192 547 233 587 in
262 550 366 588 collo
394 548 470 588 sibi
499 549 692 587 collocare
722 553 866 597 posset.

193 611 258 652 hic
286 612 362 660 illa,
393 619 437 652 ut
465 611 600 652 decuit
628 610 907 657 cinaediorem,

195 679 386 728 ‘quaeso’
414 677 544 728 inquit
572 675 703 724 ‘mihi‚
736 675 790 714 mi
819 675 986 721 Catulle,
1018 674 1181 725 paulum
1430 686 1470 718 25

193 741 289 782 istos
318 743 580 784 †commoda:
618 744 737 782 nam†
765 742 860 780 uolo
887 741 940 780 ad
969 738 1147 790 Sarapim

194 806 359 847 deferri.’
416 808 579 846 ‘mane’
608 805 733 857 inquii
762 807 926 857 puellae,

197 871 325 911 ‘istud
354 873 463 922 quod
492 873 615 911 modo
643 871 818 911 dixeram
847 884 912 909 me
940 869 1099 918 habere,

194 935 292 987 fugit
321 949 385 975 me
414 935 535 975 ratio:
576 949 688 975 meus
717 933 863 975 sodalis

196 1000 327 1041 Cinna
355 1008 414 1040 est
443 1000 578 1049 Gaius,
610 1000 642 1040 is
671 1000 746 1039 sibi
774 999 937 1051 parauit.
1430 1012 1473 1044 30

195 1079 345 1114 uerum,
376 1073 506 1106 utrum
535 1065 638 1105 illius
665 1079 717 1105 an
746 1065 834 1114 mei,
866 1064 964 1116 quid
991 1065 1044 1104 ad
1072 1065 1167 1104 me?

196 1138 286 1171 utor
313 1139 394 1171 tarn
423 1132 527 1172 bene
554 1145 675 1182 quarn
704 1130 801 1170 mihi
829 1130 1008 1182 paratim.

198 1197 270 1236 sed
297 1204 340 1236 tu
368 1196 516 1236 insulsa
545 1198 646 1236 male
675 1204 714 1235 et
742 1197 910 1235 molesta
937 1194 1051 1242 uiuis,

198 1274 267 1313 per
295 1274 414 1312 quam
442 1275 523 1301 non
552 1261 643 1301 licet
671 1274 758 1301 esse
786 1261 1085 1312 neglegentem.'

679 1416 739 1454 XI

199 1514 301 1553 FVRI
332 1519 371 1553 et
399 1513 545 1561 Aureli,
577 1512 741 1553 comites
771 1512 928 1560 Catulli,

197 1578 281 1618 siue
308 1577 350 1617 in
378 1585 572 1617 extremos
600 1577 822 1628 penetrabit
851 1578 987 1624 Indos,

197 1642 288 1682 litus
317 1649 359 1682 ut
388 1644 505 1693 longe
533 1649 743 1682 resonante
773 1644 859 1681 an

250 1707 427 1747 tunditur
455 1708 574 1755 unda,

186 1821 226 1843 21
252 1821 317 1843 nee
339 1811 394 1842 hic
416 1820 528 1851 neque
553 1810 621 1842 illic
647 1809 813 1842 GORVen
973 1820 1014 1841 22
1038 1810 1248 1850 fractumque
1271 1811 1299 1840 Ω
1432 1819 1475 1849 24

143 1854 258 1887 docuit
274 1858 312 1894 Ω,
330 1864 411 1885 com
428 1864 450 1885 a
536 1855 643 1886 sined.
664 1854 696 1886 Ο
822 1864 864 1893 25
888 1854 1003 1894 inquid
1020 1853 1051 1884 O
1196 1855 1240 1885 26
1262 1852 1475 1895 com(m)oda

143 1908 221 1930 nam
244 1897 331 1930 codd.
344 1901 476 1939 praeter
497 1897 584 1930 011²:
611 1898 751 1930 comoda
773 1908 851 1930 nam
870 1897 919 1929 O:
948 1898 1112 1929 comenda
1135 1907 1211 1928 nam
1236 1896 1295 1929 122:
1326 1907 1475 1929 commo-

144 1942 223 1974 dum
248 1942 339 1973 enim
364 1941 491 1972 Hand:
526 1941 615 1973 Istos
646 1943 689 1973 da
715 1943 838 1973 modo:
869 1951 946 1972 nam
970 1940 1116 1972 Munro:
1140 1941 1343 1980 commoda;
1381 1950 1474 1972 eram

143 1985 291 2027 (heram)
308 1984 362 2016 uel
381 1994 612 2016 commoneam
631 1995 688 2026 ego
776 1985 922 2025 sarapim
939 1984 994 2016 D:
1020 1985 1168 2025 sarapim
1186 1984 1363 2026 (suprascr.
1377 1985 1419 2016 aL-
1438 1984 1474 2025 e)

147 2027 195 2059 G:
220 2029 365 2069 serapim
382 2027 444 2069 (ini
462 2028 507 2071 0)
525 2028 665 2061 RVeno
794 2039 837 2068 27
854 2028 978 2060 deferri
995 2028 1117 2060 ACD:
1143 2029 1269 2060 deserti
1287 2028 1329 2060 al.
1349 2027 1474 2060 deferri

147 2070 333 2104 GBRVen:
362 2073 490 2104 deserti
513 2071 609 2105 OLa¹
729 2082 828 2103 mane
852 2072 958 2111 inquii
981 2071 1136 2104 Statius:
1168 2082 1267 2103 mane
1291 2082 1345 2103 me
1364 2071 1476 2111 inquit

146 2116 198 2157 (-d
227 2116 270 2155 Ο)
299 2118 346 2146 n:
391 2116 528 2147 minime
557 2115 638 2148 Ald.
675 2115 722 2148 1.:
760 2116 805 2146 mi
836 2116 947 2147 anime
978 2114 1108 2157 Bergk:
1157 2116 1317 2147 meminei
1349 2114 1476 2147 Munro

143 2167 188 2197 30
211 2159 323 2190 Cinna
345 2163 398 2190 est
417 2159 522 2191 Gaius
536 2158 744 2192 Beroaldus:
777 2159 884 2191 Cuma
909 2164 963 2191 est
985 2160 1101 2199 grauis
1125 2162 1152 2190 Ω
1295 2168 1334 2198 31
1361 2159 1403 2190 ad
1419 2169 1475 2190 me

144 2201 203 2233 Da
217 2206 248 2233 et
260 2213 337 2234 corr.
357 2202 410 2234 R:
434 2212 455 2233 a
470 2212 524 2234 me
541 2206 568 2234 Ω
698 2212 742 2241 32
765 2203 894 2243 paratis
909 2202 1040 2234 Statius
1171 2212 1214 2242 33
1238 2207 1275 2234 tu
1290 2202 1474 2235 insulsalt:

76 2270 84 2277 .
147 2249 182 2277 tu
205 2245 314 2277 insula
333 2249 381 2276 n:
407 2245 494 2277 tulsa
509 2246 540 2278 Ο
618 2246 668 2288 et]
687 2247 751 2278 hac
762 2246 816 2279 D:
840 2257 879 2278 ac
895 2257 916 2278 a
1048 2256 1090 2286 34
1114 2247 1344 2287 negligentem
1363 2249 1390 2277 Ω

188 2289 238 2320 XI
265 2299 315 2320 An
338 2299 472 2321 vavm
495 2299 538 2320 m·
558 2299 742 2322 AvntLtvn
765 2293 813 2322 n:
847 2291 881 2321 in
907 2290 938 2321 O
958 2290 1106 2331 spatium
1128 2300 1194 2321 non
1216 2295 1270 2327 est,
1289 2290 1349 2322 sed
1362 2290 1475 2331 primo

144 2333 259 2364 uersus·
277 2332 478 2374 adscriptum
500 2337 580 2364 est:
753 2345 773 2365 2
797 2333 990 2374 penetrabit
1013 2333 1060 2367 ed.
1089 2343 1195 2376 1473:
1227 2335 1422 2376 penetrauit
1446 2338 1474 2366 Ω

143 2386 167 2418 3
187 2380 226 2408 ut
243 2376 306 2409 GO
323 2376 483 2409 Caesenas
497 2389 505 2410 ε
527 2382 562 2409 et
576 2376 614 2409 112
631 2388 639 2409 ε
662 2377 720 2410 ubi
736 2382 800 2410 cett.
893 2389 954 2410 coa
972 2376 1041 2410 011²
