1592 2664
1059 66 1303 108 CARMEN
1331 64 1496 104 XXXII

274 182 345 221 sed
373 180 484 221 dorni
513 193 674 220 maneas
703 192 896 231 paresque
925 178 1041 218 nobis

274 259 421 285 nouem
451 245 660 298 continuas
688 244 914 283 fututiones.

274 324 412 350 uerum
443 310 475 349 si
505 309 602 360 quid
631 322 722 360 ages
752 308 883 348 statim
913 308 1072 347 iubeto:

272 389 365 415 narn
395 388 560 426 pransus
589 374 700 414 iaceo
729 383 768 414 et
797 382 903 414 satur
931 373 1096 425 supinus
1459 385 1500 409 10

274 441 471 493 pertundo
501 440 757 490 tunicamque
786 439 1041 490 palliumque.

649 551 838 589 XXXIII

272 635 310 675 O
341 646 483 673 FVRVM
514 632 664 684 optime
694 631 983 670 balneariorum

273 698 447 738 Vibenni
476 705 586 749 pater
614 704 653 736 et
681 695 848 735 cinaede
876 695 941 742 fili,

273 762 382 815 (nam
412 764 547 802 dextra
574 769 685 813 pater
713 760 987 811 inquinatione,

272 830 363 867 culo
392 828 494 866 filius
522 834 582 866 est
610 826 830 878 uoraciore)

272 906 341 932 cur
369 906 450 931 non
480 891 639 931 exilium
669 893 872 942 malasque
900 891 940 930 in
969 905 1056 930 oras
1476 907 1495 940 5

271 956 334 996 itis
349 959 367 996 ?
404 956 731 1008 quandoquidem
760 956 879 1007 patris
907 956 1068 1007 rapinae

271 1029 390 1061 notae
418 1029 510 1061 sunt
538 1022 698 1073 populo,
730 1029 770 1061 et
798 1021 900 1061 natis
928 1021 1084 1073 pilosas,

271 1087 338 1136 fili,
369 1100 450 1126 non
478 1094 592 1138 potes
620 1099 708 1126 asse
735 1086 950 1126 uenditare.

738 1196 919 1233 XXXIV

434 1278 604 1315 D1ANAE
634 1289 770 1315 sumus
799 1275 840 1314 in
870 1277 949 1315 fide

485 1341 639 1391 puellae
668 1347 707 1379 et
736 1339 847 1391 pueri
875 1340 1039 1391 integri:

486 1403 658 1442 Dianam
686 1404 797 1454 pueri
826 1404 966 1455 integri

485 1470 720 1520 puellaeque
749 1482 948 1508 canamus.

431 1547 457 1574 o
486 1534 665 1582 Latonia,
697 1533 858 1573 maximi
1474 1550 1494 1584 5

484 1611 626 1650 magna
655 1598 862 1649 progenies
893 1599 1013 1647 Iouis,

484 1677 605 1715 quarn
636 1671 760 1703 mater
788 1676 912 1715 prope
942 1664 1099 1703 Deliam

482 1729 683 1781 deposiuit
713 1729 871 1777 oliuam‚

428 1794 626 1834 montium
655 1793 820 1834 domina
847 1802 892 1833 ut
919 1796 1022 1834 fores

483 1860 751 1911 siluarumque
782 1859 994 1899 uirentium
1452 1879 1494 1902 10

205 1975 223 2004 7
247 1974 341 1996 meas
357 1964 533 2006 (suprascr.
549 1963 610 2005 an)
626 1962 661 1994 R
676 1963 735 1995 sed
751 1974 795 1995 an
812 1963 986 2005 pallidiore
1004 1967 1189 1995 atramento
1338 1974 1362 2004 9
1383 1964 1456 2006 agis
1471 1976 1494 1997 a

163 2017 200 2038 11
218 2009 365 2039 tunicam
381 2018 448 2040 om.
464 2018 531 2047 que
547 2018 569 2038 a

204 2050 361 2082 XXXIII
385 2061 461 2082 cum
483 2050 630 2082 XXXII
649 2051 844 2082 continuant
865 2054 892 2082 Ω
917 2051 1008 2082 nullo
1030 2051 1135 2092 spatio
1157 2050 1261 2081 relicto
1423 2062 1456 2091 3,
1473 2063 1493 2092 4

162 2094 278 2126 Carrio
301 2098 331 2125 et
352 2093 464 2125 Hand
482 2094 528 2125 sic
548 2094 725 2126 scribebant
746 2105 824 2126 narn
852 2096 973 2126 dextra
1000 2100 1100 2136 pater
1125 2099 1176 2126 est
1205 2095 1389 2135 uoraciore,
1415 2096 1493 2127 culo

160 2137 250 2168 filius
266 2137 495 2178 inquinatiore
626 2150 646 2178 4
670 2139 840 2170 uoratiore
857 2140 897 2170 al.
915 2139 1104 2170 uolantiore
1123 2137 1186 2170 GR
1193 2137 1277 2170 Ven:
1303 2138 1494 2171 udlantiore

161 2180 228 2212 AC
238 2191 246 2211 ι
269 2180 430 2212 uoratiori
446 2180 488 2212 al.
505 2180 686 2212 uolantiori
703 2181 736 2212 B
804 2204 809 2208 -
864 2191 885 2221 5
908 2182 1012 2214 horas
1030 2186 1055 2213 Ω
1189 2183 1211 2212 6
1234 2181 1341 2213 istisa
1472 2184 1494 2214 8

159 2228 273 2264 potest
288 2234 309 2255 a
324 2234 362 2254 se
379 2223 449 2264 (uel
461 2224 537 2266 ase)
553 2225 738 2256 nendicare
754 2228 780 2255 Ω

201 2266 358 2298 XXXIV
379 2276 522 2298 CARMEN
546 2277 654 2298 οιΑΝε
679 2271 814 2307 (mame
837 2269 881 2309 R,
902 2280 1008 2310 marg.
1033 2269 1114 2305 Vm)
1141 2272 1188 2300 n:
1227 2269 1375 2310 spatham
1402 2270 1437 2301 in
1463 2269 1494 2300 Ο

159 2321 225 2341 non
240 2314 288 2341 est
387 2321 408 2350 3
431 2321 498 2342 om.
516 2314 563 2342 ss:
589 2321 726 2342 uersum
743 2314 885 2353 reposuit
897 2312 1074 2344 Palladius
1092 2322 1178 2353 1500
1276 2313 1298 2343 8
1320 2313 1492 2353 deposiuit

160 2353 344 2386 caesenas:
367 2354 527 2395 deposuit
544 2357 571 2385 Ω
