1682 2690
1136 125 1380 167 CARMEN
1409 125 1507 165 CVI

769 239 866 280 CVI

177 315 275 356 CVM
304 328 427 366 puero
456 316 562 355 bello
591 328 828 366 praeconem
858 314 926 366 qui
955 314 1066 354 uidet
1094 313 1182 362 isse,

230 379 328 431 quid
356 381 503 429 credat,
532 379 608 419 nisi
636 393 679 419 se
707 381 881 420 uendere
911 378 1148 430 discupere?

756 485 876 524 CVII

177 562 219 601 S1
250 560 345 611 quoi
373 560 470 611 quid
499 560 646 611 cupido
675 559 909 611 optantique
938 559 1078 611 optigit
1106 572 1297 611 umquam

231 625 455 676 insperanti,
487 626 564 664 hoc
593 633 652 664 est
679 632 832 675 gratum
862 623 997 664 animo
1024 623 1192 675 proprie.

177 704 298 740 quare
326 691 404 730 hoc
433 697 492 730 est
519 697 674 741 gratum
703 688 849 730 †nobis
879 692 1071 739 quoque†
1101 688 1228 728 carius
1256 701 1354 728 auro

231 756 341 806 quod
369 762 408 795 te
437 754 618 803 restituis,
650 753 805 803 Lesbia,
837 753 892 793 mi
920 753 1079 804 cupido.

177 819 347 859 restituis
375 819 523 871 cupido
551 827 670 870 atque
700 817 926 870 insperanti,
957 818 1043 869 ipsa
1070 819 1187 858 refers
1217 824 1256 857 te
1487 834 1508 869 5

231 883 358 924 nobis.
416 898 442 923 o
470 885 599 924 lucem
628 883 860 923 candidiore
887 885 1005 922 nota!
1392 873 1395 875 ’

177 949 265 1000 quis
294 962 359 988 me
387 962 469 989 uno
497 948 598 991 uiuit
626 948 786 996 felicior,
816 955 886 988 aut
913 947 1036 998 magis
1064 948 1116 987 ab
1145 947 1207 987 dis

232 1014 453 1065 optandum
482 1012 523 1052 in
552 1012 634 1052 uita
661 1012 793 1052 dicere
823 1012 910 1063 quis
939 1012 1112 1063 poterit?

740 1123 883 1162 CVIII

178 1207 232 1252 S1,
265 1204 436 1253 Comini,
467 1203 628 1244 arbitrio
656 1203 794 1256 populi
822 1211 889 1243 tua
918 1217 1018 1243 cana
1045 1211 1228 1245 senectus

233 1278 414 1322 spurcata
441 1269 604 1320 impuris
633 1269 809 1308 moribus
838 1268 1014 1318 intereat,

179 1348 261 1374 non
288 1334 476 1386 equidem
505 1333 647 1373 dubito
675 1333 772 1385 quin
800 1333 972 1383 primum
999 1332 1161 1373 inimica
1188 1334 1386 1375 bonorum

223 1438 299 1471 CVI
323 1449 398 1471 cum
417 1437 480 1470 CV
489 1439 686 1470 continuant
699 1439 738 1474 Ω,
757 1437 847 1468 nullo
864 1438 970 1477 spatio
986 1437 1088 1468 relicto
1222 1448 1236 1469 1
1264 1437 1352 1470 bello
1370 1438 1451 1472 Ald.
1468 1439 1491 1471 Ι
1502 1450 1512 1471 :

178 1483 335 1523 obelgffio
357 1486 406 1514 n:
432 1482 514 1522 fort.
535 1481 646 1513 Obelli
737 1481 804 1511 isse
820 1481 932 1512 Balth.
956 1480 1119 1513 Venator:
1149 1490 1225 1512 esse
1249 1481 1332 1514 GOh
1349 1481 1511 1517 Lachm.:

179 1527 252 1566 ipse
277 1525 376 1557 leen
400 1529 430 1557 et
443 1525 611 1566 plerique:
636 1525 686 1556 ire
709 1524 862 1556 Schwabe
977 1525 1036 1565 qui
1060 1524 1164 1563 uidet,
1190 1534 1267 1556 esse
1291 1525 1372 1564 quid
1396 1526 1512 1558 credat

183 1568 332 1600 Thomas

222 1612 314 1645 CVII
331 1623 405 1644 cum
418 1612 495 1644 CVI
505 1612 700 1644 continuant
710 1614 748 1651 Ω,
763 1611 854 1642 nullo
868 1611 974 1652 spatio
986 1611 1085 1642 relicto
1101 1623 1108 1644 :
1130 1611 1276 1651 spatium
1293 1611 1328 1643 in
1340 1611 1408 1652 Da,
1424 1612 1516 1652 quod

179 1667 257 1687 corr.
276 1656 312 1687 D
325 1656 368 1686 sic
384 1656 544 1697 suppleuit
557 1665 604 1687 AD
623 1664 773 1686 masmim
899 1664 912 1684 1
939 1654 1019 1694 quoi
1036 1654 1115 1696 quid
1131 1653 1268 1686 Ribbeck
1284 1666 1291 1686 :
1318 1656 1436 1696 quic(d
1448 1655 1511 1697 O)-

179 1699 261 1740 quid
278 1703 304 1730 n
319 1710 327 1730 ε
360 1700 539 1740 quicquam
556 1699 635 1730 Dola
735 1709 755 1729 2
780 1698 944 1738 insperati
960 1697 1120 1729 Heinsius
1216 1707 1238 1738 3
1261 1698 1361 1730 nobis
1376 1709 1510 1739 quoque

177 1742 266 1774 codd.
301 1742 391 1783 quod
418 1746 464 1774 ita
499 1743 653 1774 retinebat
682 1741 827 1782 Blaydes
858 1745 896 1772 ut
929 1744 1004 1782 post
1039 1751 1175 1782 quoque
1213 1742 1510 1783 interpungendum

178 1790 320 1827 censeret,
341 1797 408 1818 non
418 1790 497 1827 post
511 1791 658 1827 gratum:
683 1785 850 1825 nobisque
868 1785 930 1816 hoc
948 1784 1078 1816 Statius
1093 1797 1099 1816 :
1125 1785 1288 1825 nobisque
1305 1790 1358 1817 est
1373 1785 1508 1827 Haupt:

179 1829 266 1861 Lido
282 1840 418 1870 quoque
436 1841 493 1871 ego
508 1829 555 1862 ed.
578 1840 612 1861 1:
639 1830 762 1870 quouis
782 1839 915 1870 quoque
941 1828 1108 1860 Baehrens
1195 1828 1306 1860 carior
1328 1839 1410 1860 auro
1434 1829 1510 1861 Gul.

178 1872 217 1905 S.
245 1872 383 1914 Walker,
411 1873 503 1914 quod
526 1884 603 1905 cum
630 1872 835 1914 sequentibus
858 1872 1071 1913 coniungebat
1205 1882 1225 1912 5
1249 1872 1430 1912 inspiranti
1457 1872 1510 1905 0:

179 1916 334 1956 inspirati
349 1916 433 1949 Bod.
449 1916 527 1949 Lat.
548 1917 651 1949 class.
668 1927 691 1948 e.
711 1926 750 1956 15
767 1927 774 1947 :
799 1926 883 1946 num
900 1915 1089 1955 inopinanti
1103 1917 1114 1947 ’.ἱ
1248 1917 1270 1947 6
1293 1926 1314 1947 ο
1330 1915 1404 1948 luce
1420 1916 1510 1949 codd.

179 1960 245 1990 m'si
257 1959 348 2000 quod
361 1960 455 1992 aluce
471 1965 519 1993 est
531 1961 566 1992 in
581 1959 665 1992 Bod.
685 1959 759 1990 Lat.
781 1959 883 1991 Class.
902 1969 926 1991 e.
949 1968 987 1998 15
1121 1969 1139 1998 7
1163 1958 1240 1998 quis
1264 1969 1319 1990 me
1343 1959 1427 1992 uiuit
1442 1970 1511 1992 uno

179 2013 246 2035 uno
262 2003 439 2036 feliciorD
537 2007 613 2044 post
622 2004 730 2043 magis
745 2003 893 2044 spatium
911 2003 945 2033 in
959 2002 993 2033 D
1092 2003 1134 2034 ab
1151 2002 1221 2043 dis]
1236 2012 1290 2034 me
1306 2006 1359 2034 est
1371 2005 1398 2033 Ω
1415 2014 1425 2034 2
1446 2003 1511 2036 hac

178 2050 237 2082 est,
250 2046 303 2078 Oh
434 2049 456 2079 8
478 2048 644 2087 optandus
662 2047 730 2078 uita
746 2046 859 2077 dicere
877 2045 966 2077 codd.
983 2057 990 2076 z
1014 2046 1122 2086 magis
1138 2046 1202 2077 hac
1218 2045 1297 2086 quid
1311 2045 1510 2086 optandum

179 2090 249 2121 uita
263 2089 322 2122 Al.
344 2089 534 2122 Guarinus:
558 2101 601 2122 m.
618 2091 679 2122 hac
702 2100 757 2122 res
774 2089 952 2130 Optandas
969 2089 1038 2120 uita
1053 2089 1210 2122 Lachm.=
1232 2090 1341 2130 magis
1356 2090 1420 2121 hac
1436 2100 1507 2123 rem

180 2133 374 2174 Optandam
395 2134 430 2166 in
450 2134 520 2166 uita
535 2133 708 2176 Postgate:
736 2143 821 2165 num
839 2133 922 2164 istac
939 2132 1133 2173 Optandam
1151 2133 1243 2165 uita?

222 2175 335 2208 CVIII
360 2187 436 2209 cum
451 2177 548 2208 CVII
562 2178 756 2209 continuant
773 2179 812 2217 Ω,
835 2176 927 2207 nullo
945 2177 1051 2217 spatio
1071 2177 1192 2209 relicto:
1216 2176 1365 2218 spatium
1384 2176 1419 2208 in
1439 2177 1508 2217 Da,

178 2219 270 2259 quod
285 2220 493 2252 comctor‘D
508 2221 554 2252 sic
569 2221 733 2262 suppleuit
752 2230 790 2251 m
810 2229 980 2258 QVENDAM
1127 2231 1142 2251 1
1167 2220 1214 2252 sie
1231 2219 1266 2251 A
1271 2220 1291 2252 t.
1316 2219 1509 2254 Guan'nust

179 2263 238 2294 Sic
254 2263 381 2295 homini
398 2264 551 2304 populari
573 2264 714 2296 arbitrio
737 2267 903 2296 tua'cana
918 2266 965 2294 n:
992 2262 1048 2294 Sic
1071 2263 1200 2294 homini
1223 2263 1363 2295 arbitrio
1451 2268 1510 2297 tua

179 2316 263 2338 cana
284 2307 341 2338 D:
366 2307 424 2339 Sic
448 2308 577 2346 homini
599 2307 736 2339 arbitrio
761 2306 915 2347 populari
934 2316 1021 2338 cana
1043 2316 1070 2338 s.
1087 2306 1134 2340 ed.
1154 2307 1256 2348 antt'q.
1275 2317 1354 2339 saec.
1370 2317 1437 2340 xv:
1457 2308 1508 2351 Si,

179 2349 322 2391 Comini,
341 2350 461 2391 populi
475 2351 615 2382 arbitrio
630 2355 688 2382 tua
703 2361 731 2383 c.
745 2350 878 2382 Statius
1166 2354 1169 2356 '

222 2414 366 2437 can-vu..
1299 2423 1302 2425 -
1398 2406 1422 2440 8
