1682 2690
1038 104 1281 145 CARMEN
1311 106 1447 146 LXVI

170 233 325 272 semper
351 231 463 259 amor
492 218 607 258 sedes
635 216 782 257 incolat
809 215 1002 256 assiduus.

116 294 159 328 tu
187 299 294 334 uero,
325 284 470 337 regina,
501 291 617 324 tuens
646 296 738 323 cum
767 282 896 322 sidera
923 281 1059 322 diuam

169 351 344 404 placabis
373 349 482 390 festis
510 348 726 389 luminibus
754 349 965 396 Venerem,
1406 365 1451 399 90

116 417 317 470 sanguinis
345 423 546 468 expertem
574 428 656 455 non
686 413 877 457 †uestris†
906 426 992 454 esse
1021 420 1133 453 tuum
1163 427 1239 462 me,

169 483 242 523 sed
268 481 400 533 potius
426 479 541 531 largis
569 480 682 519 affice
710 478 951 519 muneribus.

116 549 244 590 sidera
271 546 487 587 corruerint
515 545 691 585 utinam!
730 558 847 585 coma
874 543 979 596 regia
1006 544 1111 592 fiam,

170 611 370 665 proximus
401 609 638 662 Hydrochoi
667 610 832 661 fulgeret
861 608 1035 649 Oarion!

678 732 837 770 LXVII

657 813 866 841 CATvLLvs

118 877 156 916 O
184 886 308 915 DVLCI
338 874 514 915 iucunda
542 873 639 921 uiro,
670 873 846 913 iucunda
874 870 1039 923 parenti,

172 942 291 988 salue,
322 947 441 991 teque
469 939 576 979 bona
606 937 785 988 Iuppiter
813 944 946 976 auctet
974 949 1062 987 ope,

119 1005 248 1055 ianua,
276 1018 397 1056 quam
427 1003 555 1043 Balbo
584 1002 723 1042 dicunt
752 1001 920 1042 seruisse
947 1001 1120 1053 benigne

172 1070 277 1118 olim,
309 1083 400 1110 cum
430 1070 545 1110 sedes
573 1068 658 1120 ipse
686 1081 806 1108 senex
834 1067 973 1115 tenuit,

119 1148 319 1188 quamque
348 1136 478 1175 ferunt
506 1147 638 1174 rursus
666 1141 764 1173 uoto
793 1133 960 1173 seruisse
989 1133 1174 1185 maligno,
1433 1148 1452 1182 5

173 1208 385 1253 postquam
414 1213 456 1239 es
485 1205 668 1250 porrecto
696 1199 799 1238 sacta
827 1198 966 1237 marita
995 1211 1101 1237 sene.

119 1266 185 1306 dic
213 1279 285 1317 age
313 1266 411 1304 dum
440 1263 568 1312 nobis,
599 1276 721 1314 quare
749 1270 900 1302 mutata
929 1262 1062 1302 feraris

173 1331 215 1371 in
242 1330 453 1371 dominum
482 1336 658 1369 ueterem
687 1328 909 1368 deseruisse
938 1329 1070 1369 fidem.

690 1407 820 1434 IANVA

122 1463 217 1502 Non
246 1461 318 1514 (ita
346 1461 523 1503 Caecilio
551 1462 740 1513 placeam,
773 1460 837 1500 cui
865 1460 1008 1500 tradita
1036 1474 1144 1501 nunc
1172 1461 1278 1513 sum)

174 1529 291 1579 culpa
319 1540 408 1567 mea
436 1533 507 1575 est,
538 1539 781 1578 quamquam
811 1525 956 1566 dicitur
984 1539 1070 1566 esse
1099 1539 1200 1574 mea,
1415 1544 1454 1566 10

121 1606 195 1633 nee
224 1600 435 1644 peccatum
464 1605 488 1631 a
516 1605 581 1631 me
611 1591 822 1643 quisquam
850 1598 944 1642 pote
973 1590 1105 1631 dicere
1134 1591 1373 1644 quicquam:

174 1661 343 1701 †uerum
373 1657 486 1698 istius
515 1657 654 1709 populi
682 1657 802 1696 ianua
829 1657 898 1708 qui
926 1664 966 1696 te
994 1656 1126 1705 facit†,

164 1773 204 1803 91
230 1762 406 1803 sanguinis
429 1765 476 1794 n:
499 1761 660 1802 unguinis
682 1761 816 1802 Bentley
932 1771 1000 1792 non
1027 1761 1150 1792 uestris
1174 1770 1252 1793 esse
1275 1766 1370 1793 tuum
1402 1773 1457 1794 me

122 1809 170 1837 n:
194 1806 299 1838 uestri
326 1816 395 1838 non
423 1815 500 1837 esse
527 1805 613 1838 Bod.
641 1804 717 1838 Lat.
745 1805 847 1836 Class.
875 1815 900 1835 e.
924 1814 985 1844 15:
998 1804 1082 1845 fort.
1106 1805 1264 1844 unguinis
1279 1810 1456 1846 expertem

123 1849 230 1881 uestri
254 1849 325 1881 noli
348 1859 426 1882 esse
450 1853 543 1881 tuum
567 1859 622 1880 me
733 1859 802 1880 non
825 1848 903 1879 siris
918 1848 1060 1880 Lachm.
1080 1848 1218 1890 (siueris
1233 1847 1363 1888 Scal.):
1387 1860 1456 1881 non

122 1893 264 1925 iusseris
287 1903 346 1934 ego
369 1893 405 1924 in
428 1892 475 1926 ed.
503 1893 629 1925 maiore
718 1897 809 1924 tuam
837 1902 892 1923 me
907 1891 1106 1923 Auantius:
1130 1892 1200 1923 tuei
1223 1902 1279 1923 me
1302 1893 1458 1925 Fleischer

121 1947 166 1976 92
188 1936 280 1977 large
295 1938 325 1968 is
347 1936 405 1968 Ven
419 1947 427 1968 ε
441 1936 525 1977 fort.
546 1936 670 1976 largeis
758 1937 854 1968 affice
873 1940 909 1976 p,
928 1935 1016 1967 scal.
1034 1947 1040 1968 z
1067 1936 1163 1967 effice
1181 1939 1207 1966 Ω
1318 1947 1362 1977 93
1385 1947 1456 1969 cor-

122 1980 252 2012 ruerint
267 1979 407 2013 Lachm.
423 1990 432 2011 τ
455 1990 515 2012 cur
530 1980 655 2011 iterent
672 1982 718 2011 ss:
743 1989 804 2011 cur
819 1984 940 2011 uerent
956 1978 1023 2010 cod.
1042 1978 1296 2011 Landauianus
1310 1980 1436 2021 Nzgrae
1450 1993 1458 2012 :

123 2028 321 2055 corruerent
347 2034 405 2065 ego
420 2023 455 2054 in
479 2023 614 2055 editione
637 2024 782 2055 maiore:
818 2033 879 2054 cur
901 2023 1069 2054 retinent?
1104 2023 1227 2054 iterum
1251 2022 1456 2055 Markland:

122 2067 237 2099 sidera
248 2077 309 2099 cur
318 2069 482 2099 haerent?
506 2068 634 2098 utinam
647 2066 756 2108 thra
843 2077 887 2108 94
912 2066 1114 2107 Hydrochoi
1131 2066 1178 2099 ed.
1190 2066 1248 2098 Pr.
1267 2078 1274 2099 ε
1302 2068 1457 2099 idrochoi

125 2111 178 2142 uel
191 2111 224 2142 id
236 2110 352 2143 rochoi
368 2114 396 2142 Ω
485 2110 632 2151 fulgoret
648 2110 817 2142 Baehrens

169 2154 295 2186 LXVII
320 2154 412 2186 Inter
425 2153 550 2195 LXVI,
570 2153 711 2186 LXVII
722 2153 928 2186 interstitium
950 2164 1015 2186 non
1031 2157 1078 2185 est
1096 2155 1131 2185 in
1150 2153 1309 2185 codicibus
1442 2165 1455 2185 1

124 2198 189 2230 ioc.
209 2201 237 2229 Ω
367 2207 388 2238 5
411 2198 560 2237 maligne
581 2197 644 2238 Oh,
665 2198 813 2229 Munro:
837 2202 919 2229 nato
934 2208 960 2229 s.
979 2198 1127 2238 maligne
1142 2197 1305 2229 Froehlich
1435 2200 1459 2230 6

124 2251 163 2273 es
178 2241 259 2273 ΑΜ.
271 2241 294 2272 Ι
304 2252 312 2273 :
335 2246 388 2273 est
402 2244 430 2272 Ω
518 2243 639 2272 marita
653 2241 710 2272 Da
724 2252 732 2273 ε
759 2241 882 2272 marite
892 2244 919 2272 Ω
1052 2252 1070 2281 7
1094 2242 1239 2281 agedum
1255 2242 1351 2273 nobis
1365 2241 1456 2282 Calp.

129 2285 207 2324 1481
226 2296 234 2316 :
257 2295 323 2325 age
338 2286 382 2316 de
398 2284 499 2316 nobis
515 2287 542 2315 Ω
562 2296 570 2316 :
593 2295 657 2325 age
673 2286 716 2316 da
732 2284 923 2316 Balthazar
941 2284 1083 2316 Venator
1191 2286 1212 2316 8
1236 2290 1387 2317 ueterem
1405 2286 1458 2317 Oh

125 2328 372 2360 Santem'anus:
396 2338 557 2359 uenerem
575 2331 603 2359 Ω
704 2338 727 2368 9
750 2329 897 2369 plateam
912 2327 1051 2359 BRVen
1128 2338 1164 2359 11
1183 2329 1297 2369 quidq.
1317 2329 1349 2360 Ο
1420 2339 1460 2360 12

127 2372 222 2403 istius
252 2370 419 2402 GORVen
444 2370 520 2413 (sed
539 2381 591 2412 -us
616 2370 737 2413 RVen)
762 2370 845 2403 Bod.
869 2370 944 2403 Lat.
979 2371 1083 2403 Class.
1110 2382 1134 2404 e.
1168 2381 1231 2412 15:
1263 2373 1317 2404 isti
1340 2372 1457 2404 BcAla
