1682 2690
1099 113 1343 154 CARMEN
1374 112 1527 152 LXXX

247 228 411 281 grandia
439 236 478 269 te
507 228 628 269 medii
657 235 766 268 tenta
794 241 932 268 uorare
961 226 1064 267 uiri?

193 293 249 334 sic
277 301 382 334 certe
411 301 492 334 est:
531 295 704 333 clamant
732 292 904 332 Victoris
933 299 1047 343 rupta
1075 290 1216 331 miselli

246 358 322 407 ilia,
353 366 392 399 et
420 359 574 399 emulso
602 359 711 398 labra
738 365 875 398 notata
903 370 1001 397 sero.

757 467 931 504 LXXXI

194 549 384 587 NEMONE
411 547 452 587 in
481 555 591 587 tanto
620 547 748 598 potuit
777 548 927 598 populo
956 560 1053 594 esse,
1086 545 1256 593 quenti,

246 613 373 652 bellus
402 613 534 660 homo,
566 625 685 663 quem
715 620 757 651 tu
786 611 947 663 diligere
976 610 1179 662 inciperes,

192 684 466 728 praeterquam
495 676 568 716 iste
597 673 687 716 tuus
717 676 956 716 moribunda
982 676 1036 715 ab
1063 677 1158 715 sede
1188 675 1338 715 Pisauri

246 744 390 793 hospes
420 741 596 782 inaurata
624 741 806 793 pallidior
834 748 973 789 statua,

192 807 260 859 qui
289 806 360 846 tibi
390 821 496 847 nunc
525 807 635 847 cordi
665 814 734 855 est,
765 820 885 858 quem
914 814 957 846 tu
986 820 1229 858 praeponere
1258 805 1373 846 nobis
1503 823 1522 855 5

244 873 378 919 audes,
411 879 450 911 et
478 872 606 911 neseis
635 873 744 922 quod
774 871 925 910 facinus
954 870 1084 910 facias.

729 982 902 1020 LXXXI
909 983 926 1020 Ι

193 1062 362 1111 van,
395 1061 426 1101 si
455 1061 527 1101 tibi
555 1062 615 1101 uis
644 1063 781 1102 oculos
810 1062 956 1101 debere
986 1063 1188 1103 Catullum

244 1133 312 1165 aut
339 1126 447 1166 aliud
477 1126 507 1165 si
537 1126 633 1176 quid
662 1127 789 1166 carius
817 1133 877 1166 est
904 1126 1040 1174 oculis,

192 1189 340 1241 eripere
368 1190 404 1230 ei
433 1190 526 1238 noli,
557 1192 682 1230 multo
711 1191 820 1241 quod
849 1190 975 1230 carius
1004 1190 1059 1230 illi

245 1262 305 1294 est
333 1255 557 1295 oculisseu
587 1255 683 1306 quid
713 1255 839 1294 carius
868 1262 926 1295 est
956 1255 1094 1296 oculis.

721 1366 942 1403 LXXXIII

193 1447 345 1485 LEssslA
375 1446 428 1485 mi
457 1453 662 1498 praesente
690 1445 776 1485 uiro
806 1447 908 1484 mala
936 1445 1104 1497 plurima
1132 1445 1251 1486 dicit:

245 1512 344 1551 haec
372 1510 427 1550 illi
454 1513 564 1551 fatuo
593 1510 763 1550 maxima
791 1510 938 1550 laetitia
965 1518 1034 1550 est.

192 1577 309 1623 mule,
340 1575 438 1615 nihil
466 1575 611 1616 sentis:
650 1575 683 1615 si
711 1575 833 1615 nostri
862 1575 986 1614 oblita
1014 1583 1169 1623 taceret,

235 1681 257 1711 6
280 1684 374 1711 tenta
389 1679 445 1711 Dh
458 1679 563 1712 Laur.
576 1690 630 1720 33.
647 1690 685 1711 12
698 1679 807 1710 Pem's.
821 1679 922 1718 7989:
947 1683 1040 1710 tanta
1055 1679 1097 1710 al.
1114 1683 1206 1710 tenta
1219 1679 1253 1710 R
1273 1679 1338 1711 Ven
1352 1692 1359 1712 :
1385 1685 1479 1713 tanta
1495 1685 1522 1712 Ω

193 1733 211 1763 7
234 1723 400 1764 Victoris]
423 1734 507 1754 num
525 1723 673 1755 fictoris?
698 1724 735 1764 cs.
755 1722 841 1754 Non.
861 1723 927 1761 308
1072 1724 1093 1753 8
1116 1723 1171 1753 ilia
1189 1722 1388 1754 Palladius:
1412 1725 1469 1755 ilia
1489 1730 1523 1756 et

193 1767 322 1798 emulso
346 1766 474 1798 Pien'us
493 1766 689 1798 Valerianus
714 1770 744 1797 et
770 1766 899 1797 Gabriel
920 1765 1078 1806 Faernus,
1107 1770 1180 1798 teste
1202 1766 1333 1798 Statr'o:
1364 1766 1421 1798 ille
1450 1768 1523 1809 (illa

193 1809 840 1885 (suLXXXIe)ctltlritnI.XXnXssZg12nuant
854 1855 893 1892 Ω,
910 1852 1002 1883 nullo
1015 1854 1120 1893 spatio
1136 1853 1238 1884 relicto
1352 1863 1366 1884 1
1391 1853 1522 1886 inuenti

193 1895 257 1927 ,ζαι
274 1907 282 1927 :
316 1897 444 1928 uiuenti
460 1900 508 1927 Ωε
533 1897 686 1929 diuuenti
707 1897 802 1927 uisus
820 1906 899 1927 sum
919 1896 1018 1937 legere
1032 1897 1066 1927 in
1083 1895 1190 1927 Pan's.
1211 1897 1296 1937 7989
1437 1907 1458 1937 3
1481 1899 1524 1929 ab

195 1939 348 1981 GOhap:
370 1951 391 1972 a
411 1939 542 1971 VenCD
695 1950 715 1979 5
738 1941 796 1980 qui
814 1939 904 1980 Calp.
921 1940 1000 1979 1481
1018 1950 1026 1970 ε
1057 1940 1138 1979 quid
1155 1942 1182 1970 Ω
1329 1942 1351 1972 6
1372 1942 1521 1982 quodp:

191 1983 270 2022 quid
287 1986 314 2014 Ω
380 1983 475 2014 Num
491 1984 581 2023 Quid
598 1984 658 2015 tibi
679 1994 770 2015 nunc
793 1983 887 2014 cordi
907 1984 983 2015 est?
1007 1993 1108 2023 quern
1133 1987 1168 2014 tu
1192 1993 1404 2024 praeponere
1426 1985 1522 2017 nobis

192 2027 311 2065 audes,
327 2031 362 2058 et
375 2028 486 2058 nescis
501 2028 591 2067 quod
607 2028 740 2058 facinus
756 2027 859 2058 facias
872 2029 882 2058 Ζ

237 2069 405 2101 LXXXII
423 2081 498 2101 cum
522 2069 680 2102 LXXXI
691 2071 886 2102 continuant
905 2073 943 2110 Ω,
966 2070 1058 2101 nullo
1080 2070 1187 2111 spatio
1208 2070 1308 2102 relicto
1450 2082 1482 2112 3,
1500 2083 1521 2112 4

192 2123 259 2144 om.
274 2113 399 2144 BLa¹a

239 2155 423 2188 LXXXIII
447 2167 522 2188 cum
549 2156 726 2188 LXXXII
745 2157 939 2189 continuant
960 2160 998 2197 Ω,
1026 2157 1118 2188 nullo
1139 2158 1244 2198 spatio
1268 2158 1370 2190 mlido
1501 2170 1521 2191 2

194 2199 312 2241 h(a)ec
327 2199 424 2232 GOR
435 2199 540 2232 Laur.
556 2211 608 2241 33.
628 2211 666 2232 12
679 2201 716 2232 D
728 2211 773 2231 m.
783 2205 855 2241 pn:
880 2201 945 2240 hoc
958 2200 1136 2242 (suprascr.
1155 2202 1189 2243 e)
1206 2201 1290 2233 Ven:
1314 2202 1382 2234 hoc
1393 2202 1525 2235 BLa'C

191 2242 288 2275 Bodl.
302 2243 375 2275 Lat.
393 2243 496 2276 class.
510 2255 533 2276 e.
544 2254 582 2284 15
685 2255 706 2284 3
729 2243 818 2275 mule
836 2244 888 2275 0:
913 2244 1013 2275 mune
1026 2247 1052 2275 Ω
1076 2244 1151 2276 Hoc
1165 2245 1354 2277 uindicabat
1366 2245 1521 2288 Vmpsen-

193 2285 271 2317 bach
287 2297 327 2317 ex
334 2287 508 2327 prouerbio
525 2286 659 2319 Μύλλος
675 2286 766 2318 πάντ’
782 2286 890 2318 ἀκούει
908 2286 958 2318 ἐπὶ
974 2286 1038 2318 τῶν
1059 2287 1231 2328 κωφότητα
1247 2289 1522 2330 προσποιουμένων

193 2329 247 2361 καὶ
271 2328 375 2360 πάντα
396 2329 587 2363 ἀκουόντων.
636 2330 684 2371 Cf.
702 2332 800 2362 etiam
816 2341 898 2371 quae
919 2330 954 2361 in
977 2330 1079 2362 libello
1098 2331 1328 2371 Quaestiones
1350 2333 1394 2365 de
1416 2333 1519 2366 nomi-

195 2373 292 2404 nibus
308 2383 394 2414 quae
411 2374 553 2406 Graecis
570 2374 603 2405 in
621 2374 804 2414 prouerbio
821 2374 958 2405 suerunt
974 2375 1100 2415 scn'psit
1117 2373 1358 2417 W'esenthalp.
1377 2387 1419 2417 42
