1682 2690
1031 155 1193 196 CARM
1200 155 1273 194 EN
1305 154 1486 193 LXVIII

156 283 208 310 ne
235 276 409 309 uestrum
438 268 575 314 scabra
603 275 737 320 tangat
765 267 947 320 rubigine
972 281 1120 307 nomen

209 335 308 374 haec
335 342 455 385 atque
483 334 549 374 illa
577 334 662 374 dies
690 342 810 385 atque
838 333 915 373 alia
942 340 1062 384 atque
1089 332 1175 372 alia.

155 399 234 439 huc
261 400 412 439 addent
440 398 523 439 diui
552 412 672 450 quam
701 398 878 450 plurima,
911 411 1013 450 quae
1040 397 1206 438 Themis
1234 397 1330 436 olim

207 463 380 515 antiquis
409 463 524 504 solita
551 471 610 503 est
639 477 803 503 munera
831 465 928 503 ferre
957 462 1042 515 piis.

155 528 262 568 seitis
290 528 423 568 felices
452 535 492 568 et
520 535 563 567 tu
592 527 708 567 simul
737 535 776 568 et
805 535 872 567 tua
900 527 994 576 uita,
1423 543 1484 576 ¹55

209 600 248 632 et
276 594 419 632 domus
448 593 488 632 in
517 606 597 644 qua
624 592 719 632 olim
748 592 912 631 lusimus
942 600 980 632 et
1009 592 1182 640 domina,

155 666 194 698 et
222 658 290 710 qui
318 658 512 710 principio
540 658 657 697 nobis
686 662 858 699 †terram
886 658 998 697 dedit
1025 660 1191 705 aufert†,

207 737 231 762 a
260 736 341 774 quo
369 730 461 762 sunt
489 723 618 774 primo
646 723 781 763 omnia
809 730 901 762 nata
930 723 1046 770 bona,

154 796 193 827 et
221 790 338 839 longe
366 795 459 827 ante
487 801 626 827 omnes
655 787 753 827 mihi
782 801 884 838 quae
913 801 977 827 me
1005 788 1130 827 carior
1157 788 1245 839 ipso
1273 795 1342 836 est,

208 855 275 893 lux
303 867 403 902 mea,
434 867 513 905 qua
541 853 634 893 uiua
662 853 796 893 uiuere
824 854 941 893 dulce
971 853 1067 892 mihi
1097 861 1165 892 est.
1423 860 1485 891 160

718 965 854 1002 LXIX

154 1046 262 1085 Nom
291 1044 486 1093 admirari,
517 1058 637 1096 quare
665 1045 738 1084 tibi
766 1045 913 1084 femina
941 1046 1059 1093 nulla,

207 1111 322 1159 Rufe,
354 1109 449 1149 uelit
475 1117 655 1150 tenerum
684 1109 938 1162 supposuisse
966 1111 1102 1157 femur,

151 1188 234 1215 non
263 1174 296 1215 si
323 1174 430 1214 illam
459 1188 566 1214 rarae
594 1175 807 1214 labefactes
836 1188 999 1215 munere
1027 1175 1148 1215 uestis

205 1245 274 1279 aut
301 1238 535 1291 perluciduli
563 1239 714 1279 deliciis
743 1239 895 1290 lapidis.

151 1303 272 1344 laedit
299 1311 339 1344 te
367 1305 564 1355 quaedam
594 1306 698 1344 mala
725 1305 868 1353 fabula,
900 1318 979 1356 qua
1007 1305 1078 1344 tibi
1107 1307 1227 1345 fertur
1464 1323 1482 1354 5

205 1370 308 1408 ualle
336 1369 411 1408 sub
438 1370 588 1408 alarum
617 1376 704 1409 trux
732 1369 908 1409 habitare
937 1383 1064 1421 caper.

151 1435 258 1474 hunc
281 1442 463 1474 metuunt
487 1448 651 1474 omnes:
684 1449 815 1486 neque
841 1435 1008 1475 mirum:
1046 1450 1139 1475 nam
1164 1437 1267 1476 mala
1286 1438 1404 1476 ualde
1424 1429 1485 1476 est'

205 1500 340 1548 bestia,
371 1514 447 1540 nec
474 1500 637 1551 quicum
665 1501 770 1540 bella
798 1503 929 1552 puella
957 1502 1086 1541 cubet.

151 1577 271 1617 quare
298 1571 367 1604 aut
395 1566 596 1604 crudelem
626 1578 811 1605 nasorum
841 1565 1016 1605 interfice
1045 1573 1208 1617 pestem,

204 1638 271 1671 aut
298 1630 482 1671 admirari
511 1630 649 1670 desine
677 1644 747 1670 cur
775 1630 938 1682 fugiunt.
1444 1648 1483 1671 10

197 1745 254 1776 151
279 1740 430 1767 nostrum
447 1735 527 1768 Dah
551 1737 619 1769 Ven
750 1746 811 1776 155
838 1736 933 1767 seitis
947 1736 1137 1768 Baehrens:
1162 1736 1236 1768 sitis
1251 1735 1310 1769 Da
1327 1748 1334 1768 :
1357 1738 1440 1769 satis
1456 1739 1483 1768 Ω

153 1780 216 1819 156
230 1783 266 1811 et
281 1779 402 1811 domus
418 1780 452 1811 in
467 1790 536 1820 qua
552 1780 694 1812 lusimus
704 1783 730 1811 Ω
798 1780 872 1820 ipsa
883 1783 960 1820 post
973 1780 1094 1811 domus
1110 1779 1187 1812 add.
1204 1779 1261 1812 Da
1304 1780 1386 1820 sort.
1402 1781 1483 1812 olim

153 1833 213 1863 157
236 1822 282 1854 sic
302 1825 329 1853 Ω
353 1822 442 1864 quod
463 1822 677 1864 defenderunt
695 1823 820 1856 Vahlen
849 1823 965 1864 scripto
995 1824 1074 1854 dum
1102 1824 1169 1864 qui,
1195 1823 1348 1855 Schmidt
1369 1829 1404 1856 et
1427 1825 1483 1864 qui

149 1876 248 1907 quam
264 1866 386 1906 primo,
408 1866 508 1899 Owen
526 1872 559 1898 et
577 1878 609 1907 q.
627 1877 661 1908 p.
678 1878 710 1899 n.
729 1878 818 1907 quae
833 1867 971 1898 tradidit
987 1867 1096 1898 aufert
1180 1872 1304 1898 terram
1322 1867 1431 1909 dedit]
1447 1873 1483 1899 te

147 1909 339 1942 transdedit
362 1909 526 1952 Scaliger:
562 1921 632 1942 rem
660 1911 810 1943 condidit
835 1921 892 1951 ego
915 1909 960 1942 ed.
984 1920 998 1940 1
1018 1922 1026 1941 ε
1056 1911 1210 1941 dextram
1236 1910 1330 1942 dedit
1357 1911 1483 1952 hospes

148 1951 196 1985 ed.
209 1963 253 1984 2:
276 1954 410 1985 taedam
422 1953 515 1986 dedit
525 1954 697 1986 Baehrens
766 1954 891 1995 aufert]
909 1963 1040 1994 auspex
1053 1952 1208 1994 Lipsius:
1227 1953 1342 1985 Anser
1353 1953 1484 1995 Heyse:

147 1995 234 2028 Aser
248 1995 374 2028 Munro
486 1998 548 2038 158
569 2003 649 2029 nota
664 1998 721 2029 D:
745 2003 825 2030 nota
843 1999 1018 2039 (suprascr.
1038 1998 1073 2035 a)
1090 1997 1125 2028 R
1199 1997 1287 2028 bona
1303 2002 1368 2038 ap:
1391 1997 1483 2030 bono

148 2041 198 2071 n:
222 2040 352 2114 semiga
370 2045 449 2073 nata
471 2040 552 2073 boni
575 2041 694 2083 Paper
824 2043 886 2072 160
909 2041 990 2072 mihi
1011 2041 1108 2072 dulce
1128 2045 1182 2071 est
1203 2043 1254 2072 ss:
1282 2040 1380 2072 dulce
1399 2041 1482 2073 mihi

147 2092 214 2114 ont.
234 2087 287 2115 est

192 2125 309 2158 LXIX
333 2136 371 2158 m
388 2128 561 2168 avr-(mvn
578 2131 605 2159 Ω
622 2139 629 2159 :
659 2128 806 2169 spatium
825 2127 926 2159 unius
941 2138 1055 2159 uersus
1078 2128 1112 2158 r'n
1132 2127 1186 2158 O:
1225 2130 1332 2159 totum
1350 2138 1482 2160 carmen

146 2179 214 2201 om.
233 2168 270 2201 D
408 2181 429 2201 2
452 2171 526 2203 rufe
542 2171 608 2203 Ven
625 2183 633 2204 ι
656 2172 740 2203 ruffe
759 2171 967 2203 GORCAha
1113 2181 1134 2211 3
1158 2181 1220 2202 nos
1242 2170 1299 2202 illa
1322 2181 1415 2202 mare
1432 2174 1480 2202 ss:

147 2222 227 2245 corr.
255 2212 337 2245 Αἶά.
367 2213 390 2244 Ι
448 2213 616 2246 orientius
640 2214 817 2247 Common.
847 2216 875 2247 Ι.
898 2224 972 2255 557,
999 2215 1020 2245 8
1045 2214 1091 2246 ed.
1117 2214 1296 2255 Bellanger
1316 2214 1394 2255 Quo
1419 2215 1480 2246 tibi

147 2255 331 2296 perlucens
348 2257 483 2289 habitus
501 2258 558 2298 qui
583 2259 734 2298 tegmine
759 2268 837 2290 raro
861 2259 994 2290 Offerat
1015 2258 1141 2297 ignotis
1164 2258 1315 2289 membra
1333 2259 1482 2297 tegenda

147 2299 279 2332 oculis!
421 2312 442 2340 4
465 2311 528 2342 pro
550 2301 687 2333 luciduli
713 2302 789 2342 (-oli
812 2301 919 2333 Laur.
943 2311 996 2341 33.
1024 2302 1077 2342 12')
1102 2300 1242 2332 RVenB
1261 2300 1484 2334 Laurentium*

147 2350 169 2382 5
191 2352 259 2383 qua
274 2342 398 2375 ADG:
423 2354 512 2384 quae
532 2344 586 2376 uel
605 2355 671 2386 que
690 2344 900 2377 ORVenCha
1088 2345 1110 2374 8
1134 2354 1196 2375 nec
1221 2345 1279 2385 qui
1304 2355 1378 2376 cum
1400 2343 1455 2376 Ba
1473 2356 1480 2377 ε

149 2394 214 2417 nec
234 2386 288 2417 cui
319 2396 395 2418 eum
422 2386 592 2419 GORVen
615 2389 658 2419 h:
692 2399 756 2420 nec
783 2398 858 2420 cum
882 2388 1056 2430 qua‚(qua
1078 2399 1143 2419 om.
1170 2387 1209 2425 C)
1243 2388 1312 2420 AC
1334 2392 1363 2419 et
1388 2387 1479 2420 San-

145 2429 302 2461 tem'anus
438 2440 478 2461 10
499 2430 633 2471 fugiant
649 2442 671 2463 a

190 2485 332 2510 εΑτνιι.
1373 2482 1391 2512 7
