1682 2690
232 126 474 167 CATVLLI

781 282 958 321 LXVIII

232 364 356 413 Qvon
384 362 480 401 mihi
507 363 663 401 fortuna
691 374 862 412 casuque
891 374 1099 413 oppressus
1126 362 1268 402 acerbo

285 426 549 477 conscriptum
579 426 655 465 hoc
684 425 851 465 lacrimis
880 425 999 465 mittis
1029 425 1262 477 epistolium,

232 492 460 541 naufragum
490 498 532 529 ut
561 489 729 530 eiectum
758 489 1031 541 spumantibus
1059 490 1239 540 aequoris
1267 490 1384 531 undis

285 555 489 594 subleuem
518 561 556 593 et
583 566 607 593 a
635 553 770 593 mortis
798 553 932 594 limine
960 554 1170 602 restituam,

232 631 350 669 quem
378 630 507 668 neque
535 625 669 657 sancta
696 619 831 657 Venus
860 618 967 657 molli
996 617 1237 669 requiescere
1265 631 1406 659 somno
1523 634 1543 668 5

285 683 482 722 desertum
512 681 551 721 in
580 684 682 722 lecto
710 681 859 722 caelibe
886 683 1108 733 perpetitur,

232 759 306 785 nec
334 752 509 785 ueterum
538 745 644 786 dulci
673 745 902 797 scriptorum
931 745 1103 785 carmine
1134 747 1275 786 Musae

286 810 498 858 oblectant,
527 822 617 850 cum
646 822 758 849 mens
785 810 898 849 anxia
927 810 1156 863 peruigilat:

233 875 274 914 id
301 882 451 925 gratum
481 882 539 914 est
567 874 673 922 mihi,
705 887 768 914 me
796 874 983 925 quoniam
1013 874 1083 914 tibi
1114 875 1211 915 dicis
1239 875 1421 924 amicum,

286 952 526 990 muneraque
554 946 592 978 et
622 940 825 978 Musarum
854 938 946 978 hinc
974 939 1073 990 petis
1102 943 1150 979 et'
1169 939 1355 979 Veneris:
1506 956 1546 980 10

234 1004 303 1042 sed
331 1002 402 1042 tibi
431 1016 480 1042 ne
509 1016 596 1042 mea
625 1002 701 1042 sint
730 1002 862 1053 ignota
891 1003 1153 1051 incommoda,
1189 1004 1313 1053 Malli,

286 1080 363 1106 neu
392 1079 455 1106 me
483 1066 613 1106 odisse
641 1074 754 1117 putes
782 1066 946 1117 hospitis
974 1067 1156 1115 officium,

233 1130 378 1182 accipe,
409 1130 495 1181 quis
524 1143 667 1169 merser
695 1132 874 1170 fortunae
901 1131 1083 1171 fluctibus
1111 1131 1208 1182 ipse,

286 1208 337 1234 ne
364 1194 530 1245 amplius
557 1207 582 1233 a
610 1194 751 1234 misero
779 1195 885 1234 dona
913 1195 1027 1234 beata
1054 1202 1174 1246 petas.

235 1267 410 1310 tempore
438 1272 518 1309 quo
546 1258 714 1310 primum
744 1258 863 1299 uestis
892 1259 987 1298 mihi
1016 1259 1156 1300 tradita
1183 1274 1280 1312 pura
1307 1268 1376 1310 est,
1507 1278 1519 1301 ι
1527 1278 1546 1311 5

289 1324 505 1363 iucundum
533 1336 624 1364 cum
653 1330 759 1363 aetas
788 1323 926 1363 florida
954 1337 1022 1364 uer
1047 1333 1189 1376 ageret,

237 1389 359 1427 multa
387 1387 478 1427 satis
506 1387 604 1426 lusi:
642 1400 723 1426 non
751 1394 809 1427 est
837 1389 912 1427 dea
940 1388 1072 1428 nescia
1101 1389 1233 1437 nostri,

289 1465 390 1502 quae
418 1452 575 1491 dulcem
603 1451 704 1491 curis
733 1451 870 1491 miscet
897 1451 1137 1492 amaritiem:

236 1517 305 1556 sed
334 1522 459 1555 totum
488 1516 565 1555 hoc
593 1515 766 1555 studium
795 1517 902 1555 luctu
930 1517 1096 1556 fraterna
1124 1517 1220 1557 mihi
1249 1530 1353 1558 mors

289 1579 458 1619 abstulit.
517 1592 541 1619 o
570 1579 711 1619 misero
741 1581 854 1619 frater
880 1581 1065 1632 adempte
1093 1581 1200 1630 mihi,
1508 1598 1549 1620 20

237 1652 279 1684 tu
307 1657 395 1683 mea
422 1652 464 1683 tu
494 1645 663 1684 moriens
692 1644 835 1695 fregisti
864 1646 1085 1693 commoda,
1116 1647 1240 1694 frater,

289 1717 420 1749 tecum
449 1722 527 1748 una
554 1716 637 1748 tota
664 1715 723 1748 est
751 1716 882 1748 nostra
911 1711 1063 1761 sepulta
1090 1711 1245 1758 domus,

237 1773 370 1813 omnia
398 1781 528 1813 tecum
558 1786 636 1812 una
663 1772 859 1824 perierunt
888 1773 1030 1824 gaudia
1057 1781 1200 1822 nostra,

281 1875 424 1908 LXVIII
448 1875 500 1908 De
508 1877 568 1908 hoc
587 1877 731 1909 carmine
751 1877 892 1910 disserui
909 1889 944 1910 m
966 1877 1012 1911 ed.
1039 1878 1164 1910 maiore
1178 1878 1325 1920 pp.168‚
1347 1887 1381 1917 9,
1403 1876 1551 1918 ‚nemque

238 1930 327 1951 nunc
345 1920 442 1951 etiam
465 1920 567 1951 sentio
581 1919 621 1952 de
634 1930 671 1952 ea
687 1931 720 1952 re
735 1931 819 1962 quae
834 1922 1001 1963 pmm'ptce
1022 1922 1110 1953 uem't
1129 1932 1162 1952 m
1182 1921 1448 1960 controuersiam,
1464 1930 1548 1951 num

238 1973 347 1994 unum
363 1972 494 1994 carmen
510 1973 624 1995 omnes
639 1974 754 1995 uersus
768 1964 915 2004 efficiant,
931 1975 977 1996 an
993 1974 1077 2004 1-40
1092 1964 1240 2001 alterum,
1257 1963 1397 1996 alienam
1407 1964 1547 2003 41-160.

241 2005 400 2037 Videntur
420 2016 503 2045 1-40
517 2016 584 2037 non
597 2011 694 2047 posse
707 2007 752 2039 sic
765 2007 912 2048 dntaeungi
921 2018 943 2039 a
958 2007 1062 2039 ceteris
1075 2011 1114 2038 ut
1123 2013 1183 2048 per
1193 2018 1227 2039 se
1241 2008 1406 2049 mtegram
1420 2017 1550 2038 mmm

227 2049 358 2088 sudant
369 2060 380 2080 .-
402 2052 483 2080 sunt
498 2049 609 2089 potius
629 2050 728 2090 quasi
739 2051 944 2091 prooemium
963 2049 1133 2091 quoddam
1156 2050 1245 2091 quod
1259 2054 1289 2082 et
1305 2053 1372 2082 arte
1389 2049 1552 2082 cohamat

237 2102 311 2123 cum
330 2093 459 2131 41-160
473 2095 502 2123 et
520 2093 641 2123 iniuria
655 2093 697 2123 ab
715 2093 768 2125 ln's
785 2093 969 2126 diuellatur.

280 2134 371 2166 Inter
386 2133 527 2175 LXVII,
547 2134 704 2166 LXVIII
723 2135 824 2168 unius
846 2146 962 2169 uersus
985 2146 1132 2168 uamum
1152 2137 1296 2178 span’um
1318 2139 1365 2168 est
1384 2135 1419 2167 in
1445 2134 1486 2176 O,
1514 2135 1549 2166 fn

237 2178 340 2209 ceteris
356 2178 547 2218 inscriptum
568 2182 615 2210 est
628 2178 683 2210 Ad
706 2178 853 2211 Mallium
870 2179 1024 2222 (Mallium
1039 2181 1086 2218 a).

281 2231 301 2252 2
324 2221 387 2252 hec
406 2220 553 2253 OBLa¹z
580 2222 646 2253 huc
661 2221 874 2254 Halbertsma
988 2222 1091 2253 mittis
1115 2221 1247 2254 ODah:
1270 2222 1370 2253 mittit
1385 2224 1412 2252 Ω
1528 2231 1550 2261 3

238 2264 437 2304 naufragum
460 2264 538 2297 Da:
574 2265 782 2304 naufragium
800 2268 827 2295 Ω
963 2266 986 2295 6
1009 2266 1171 2296 disertum
1189 2265 1219 2297 G
1350 2274 1391 2296 ιο
1411 2265 1497 2304 petit
1520 2263 1551 2295 G

243 2317 277 2337 1¹
305 2308 515 2339 incommoda
538 2307 637 2348 Dap:
661 2307 868 2349 com(m)oda
890 2310 917 2339 Ω
1023 2308 1113 2339 malli
1136 2307 1226 2339 BA:
1250 2307 1326 2339 mali
1351 2305 1547 2338 GOCLa¹a:

239 2349 316 2381 mali
333 2350 374 2382 al.
392 2350 490 2382 mauli
507 2349 609 2381 RVen
627 2361 635 2381 ι
659 2350 896 2383 ManiLachm.
989 2360 1028 2382 12
1050 2360 1112 2382 seu
1128 2349 1158 2381 G
1246 2351 1287 2380 16
1306 2360 1370 2381 om.
1390 2349 1422 2380 Ο
1507 2359 1549 2388 23

241 2402 328 2424 uuna
343 2393 447 2424 Paris.
468 2393 569 2434 7989:
585 2403 630 2425 an
643 2394 747 2425 urna*
