1592 2664
1121 116 1365 157 CARMEN
1396 116 1468 154 LV

244 232 441 283 quaedam
470 229 609 281 inquit,
640 230 794 269 nudum
822 230 945 268 reduc
973 259 981 267 .
1013 258 1022 268 .
1054 258 1063 268 .

245 300 317 336 ‘en
346 296 411 335 hic
439 295 480 335 in
508 295 630 335 roseis
658 297 753 334 latet
780 293 960 346 papillis.'

242 362 314 401 sed
342 368 381 400 te
408 361 487 400 iam
516 361 614 400 ferre
644 359 835 400 Herculei
863 359 975 399 labos
1003 364 1064 398 est
1075 372 1088 408 ;

242 433 353 466 tanto
381 433 420 465 te
448 426 490 465 in
518 427 620 465 fastu
649 439 781 477 negas,
811 424 949 464 amice.

241 505 323 530 non
351 498 484 530 custos
514 490 546 530 si
575 492 699 541 fingar
726 490 792 529 ille
821 491 997 538 Cretum,
1386 486 1464 540 (ια)

239 569 321 595 non
350 555 383 594 si
412 557 588 606 Pegaseo
616 556 716 594 ferar
743 555 890 602 uolatu,

238 634 321 660 non
351 621 480 660 Ladas
509 633 583 671 ego
611 619 848 671 pinnipesue
877 620 1054 666 Perseus,

238 698 321 724 non
349 684 474 724 Rhesi
502 685 643 724 niueae
672 684 853 735 citaeque
880 683 1021 735 bigae3

237 751 342 790 adde
370 751 448 789 huc
476 749 727 801 plumipedas
756 747 1030 798 uolatilesque,
1382 745 1464 799 (5²²)

237 821 528 866 uentorumque
557 814 674 854 simul
702 813 858 866 require
885 826 1056 860 cursum,

236 892 337 930 quos
366 879 532 927 iunctos,
565 879 734 927 Cameri‚
766 878 864 918 mihi
893 877 1044 918 dicares
1056 891 1069 926 3

235 945 413 984 defessus
441 951 575 984 tamen
603 944 790 984 omnibus
819 942 1014 990 medullis,

235 1015 274 1048 et
302 1008 435 1048 multis
463 1008 718 1060 languoribus
746 1021 918 1060 peresus,

234 1086 362 1113 essem
390 1080 429 1113 te
458 1073 566 1121 mihi,
596 1073 734 1121 amice,
765 1072 1038 1124 quaeritando.
1360 1071 1458 1125 (ποθ)

233 1138 298 1178 dic
326 1137 442 1178 nobis
470 1138 540 1177 ubi
568 1137 620 1177 sis
649 1139 813 1186 futurus,
844 1138 919 1177 ede
1417 1153 1456 1185 15

232 1204 430 1251 audacter,
460 1202 676 1250 committe,
707 1203 825 1242 crede
853 1201 966 1242 lucei.

231 1281 339 1307 nunc
366 1275 406 1307 te
434 1269 624 1307 lacteolae
652 1274 790 1307 tenent
817 1267 1002 1318 puellae?

231 1333 263 1372 si
292 1333 466 1384 linguam
495 1335 630 1373 clauso
658 1340 770 1372 tenes
798 1331 840 1371 in
868 1345 947 1379 ore,

230 1399 378 1437 fructus
406 1398 574 1450 proicies
602 1397 747 1437 amoris
776 1410 926 1437 omnes.

228 1464 397 1504 uerbosa
423 1464 569 1515 gaudet
597 1465 735 1503 Venus
764 1464 946 1514 loquella.
1411 1479 1454 1503 20

169 1575 204 1597 11
228 1567 372 1606 quedam
395 1565 515 1598 ORB:
538 1567 707 1607 quendam
728 1569 794 1598 cett.
896 1566 1000 1597 reduc
1019 1567 1067 1598 n:
1092 1565 1218 1597 reduce
1237 1564 1315 1597 Da:
1340 1565 1452 1598 sinum

122 1610 287 1642 reducens
297 1610 471 1642 Auantius
486 1622 493 1642 :
516 1621 542 1643 s.
556 1611 734 1642 recludens
757 1609 872 1640 Riese:
896 1610 1037 1640 reducta
1050 1612 1170 1648 pectus
1180 1619 1238 1650 ego
1249 1613 1279 1639 et
1289 1609 1455 1651 Rossberg

123 1662 163 1684 12
178 1663 222 1684 en
234 1653 289 1684 Ra
299 1653 365 1686 cod.
378 1653 553 1687 Ashburn.
566 1666 573 1685 :
589 1664 643 1685 ern
656 1652 788 1685 OLa¹B
798 1663 845 1684 m.
851 1657 920 1693 pr„
930 1652 1086 1683 Ribbeck:
1101 1653 1180 1684 hem
1196 1653 1333 1684 GDVen
1398 1654 1452 1684 hic

120 1695 229 1729 RDa:
255 1697 318 1728 hec
334 1700 361 1727 Ω
372 1708 379 1728 :
392 1697 475 1737 fort.
488 1708 530 1728 en
543 1707 625 1728 ecce
703 1706 742 1736 14
766 1700 826 1727 ten
839 1696 993 1727 Muretus
1070 1697 1184 1727 1⁸-10⁵
1198 1696 1318 1727 codices
1332 1696 1454 1728 habent

114 1744 191 1781 post
213 1739 334 1772 LVIII.
353 1749 384 1780 5.
481 1741 563 1772 Huc
584 1740 751 1771 reuocauit
770 1738 935 1770 Froehlich
947 1751 960 1778 ;
978 1742 1057 1781 post
1080 1749 1119 1779 13
1142 1738 1190 1770 ed.
1214 1739 1452 1779 antiquissima

118 1792 197 1814 saec.
222 1794 268 1815 xv
419 1786 455 1814 2¹⁵
474 1788 550 1825 post
571 1786 607 1824 3¹²
622 1783 785 1815 statuebat
802 1782 956 1814 Muretus
1107 1784 1145 1822 3Β
1169 1783 1377 1823 primipesue
1407 1783 1450 1815 al.

118 1820 276 1867 pinnipes
290 1826 422 1858 GRVen
439 1839 447 1859 :
470 1827 677 1867 primipesue
693 1825 862 1858 0La¹AC
874 1825 942 1857 cod.
954 1825 1129 1858 Ashburn.
1251 1828 1288 1865 4⁸·
1312 1827 1401 1858 thesi
1420 1826 1452 1857 O

118 1869 219 1901 niuee
232 1870 341 1903 GDah
356 1881 364 1902 :
380 1871 482 1902 uinee
495 1873 535 1902 Ω;
554 1871 666 1902 niueis
677 1871 822 1910 citisque
832 1869 919 1910 bigis
930 1868 1084 1900 Muretus
1181 1871 1219 1909 5²
1235 1869 1449 1910 plomipedas

117 1912 183 1944 md.
202 1913 372 1946 Ashbum.
388 1925 396 1945 ε
418 1914 634 1954 plumipedes
648 1914 684 1945 D
699 1913 837 1945 Lachm.
959 1915 995 1952 7⁸
1018 1913 1149 1944 uinctos
1164 1912 1346 1944 BLa¹Aah
1361 1917 1394 1944 et
1405 1914 1453 1945 sic

115 1955 257 1997 Bmoist,
275 1958 366 1989 Gin':
388 1958 498 1989 uictos
513 1958 545 1989 Ο
640 1959 678 1998 9⁸·
698 1957 894 1996 langoribus
911 1959 938 1987 Ω
1020 1966 1161 1997 pressus
1176 1956 1242 1988 cod.
1257 1956 1449 1989 Ashburn.:

106 2000 188 2039 jbrt.
214 2010 376 2040 peressus
536 2002 592 2032 10¹¹
615 2002 658 2032 mi
682 2001 829 2041 Scaliger
868 2001 945 2031 Hos
967 1999 1071 2031 decem
1095 2010 1211 2031 uersus
1236 2002 1350 2031 1⁸—10⁸
1373 2001 1452 2031 Birt

105 2043 343 2084 fragmentum
360 2048 462 2085 putat
496 2045 639 2076 arminis
662 2045 797 2075 alterius
817 2043 864 2075 ad
884 2044 1074 2075 Camerium
1096 2044 1213 2084 scn'pti,
1229 2043 1320 2084 quod
1338 2045 1450 2085 magis

115 2086 307 2119 rhetoricum
333 2091 414 2119 esset
432 2092 464 2119 et
488 2098 613 2130 magno
636 2091 802 2129 apparatu
815 2087 980 2127 fabulari,
1001 2088 1115 2119 Perseo
1138 2087 1248 2118 Rheso
1270 2087 1445 2127 similibus,

114 2134 271 2162 ornatum
287 2134 319 2162 et
330 2135 503 2162 oneratum
640 2133 681 2162 16
702 2132 866 2162 audacter
882 2131 998 2172 (-citer
1016 2130 1061 2171 Ο)
1087 2131 1151 2161 hoc
1168 2134 1195 2161 Ω
1284 2131 1386 2161 crede
1403 2131 1444 2163 al.

116 2174 218 2205 crude
237 2173 335 2206 GVm
355 2178 385 2206 et
404 2175 450 2206 sic
463 2175 505 2213 R,
528 2175 564 2206 in
587 2185 653 2215 quo
677 2179 788 2206 tamen
813 2175 917 2206 crude
941 2175 1095 2205 recentius
1117 2177 1294 2206 exaratum
1319 2173 1451 2205 uidetur

114 2215 201 2248 lucei
212 2217 380 2259 Scaliger:
403 2219 494 2250 lucet
509 2221 535 2249 Ω
552 2230 560 2250 :
583 2218 660 2250 licet
672 2218 740 2250 AC
812 2228 866 2258 '17
890 2219 981 2249 hunc
997 2229 1038 2249 a:
1058 2228 1139 2249 num
1155 2218 1178 2248 h
1263 2218 1302 2248 18
1326 2223 1446 2249 tenens

117 2260 234 2292 GOD:
258 2266 377 2301 tenens
393 2261 446 2293 R:
471 2262 521 2293 sic
537 2262 557 2293 l.
577 2272 606 2294 c.
624 2268 746 2293 tenens
762 2262 795 2292 in
812 2271 872 2292 ore
890 2262 966 2292 Birt
1118 2271 1157 2301 19
1180 2261 1326 2302 proicies
1351 2260 1446 2292 CVen

114 2307 146 2334 et
163 2304 230 2336 cod.
249 2305 421 2336 Ashburn.
439 2317 447 2336 :
471 2305 641 2345 prohicies
659 2304 691 2336 Ο
706 2316 714 2337 z
737 2305 856 2346 proiic.
878 2304 907 2335 G
921 2309 951 2336 et
958 2305 1102 2346 plerique
1233 2315 1276 2336 20
1299 2304 1446 2344 loquella

117 2346 164 2380 G:
188 2348 321 2389 loquela
336 2347 472 2380 La'Ven
