1592 2664
1132 113 1375 156 CARMEN
1404 112 1491 151 XII

214 236 318 278 tollis
346 235 468 276 lintea
495 231 843 285 neglegentiorum.

214 303 292 342 hoc
321 303 466 341 salsum
495 312 581 339 esse
610 298 754 349 putas?
791 294 890 346 fugit
918 302 967 341 te,
997 292 1156 344 inepte:

214 365 396 419 quamuis
425 363 585 405 sordida
613 375 673 402 res
702 369 742 401 et
770 360 981 399 inuenusta
1008 364 1079 397 est.
1473 368 1493 401 5

214 446 297 472 non
325 430 452 471 credis
482 427 608 468 mihi?
645 427 762 467 crede
791 424 963 465 Pollioni

215 496 331 544 fratri,
362 495 431 547 qui
458 502 527 534 tua
554 495 656 533 furta
684 493 749 532 uel
778 491 928 530 talento

215 561 358 602 mutari
386 560 505 601 uelit:
544 567 603 599 est
632 557 740 598 enim
768 558 949 608 leporum

215 627 383 668 disertus
411 639 508 678 puer
535 637 582 664 ac
610 622 850 663 facetiarum.

216 706 336 744 quare
363 699 431 731 aut
459 689 812 739 hendecasyllabos
840 693 1038 727 trecentos
1453 696 1495 720 10

216 764 410 809 exspecta,
440 762 508 796 aut
537 754 635 794 mihi
662 753 829 793 linteum
857 751 1023 798 remitte,

217 823 327 874 quod
355 835 420 861 me
448 834 531 860 non
560 825 696 858 mouet
723 816 1010 863 aestimatione,

216 900 354 927 uerum
383 893 443 926 est
471 896 776 934 mnemosynum
805 881 884 921 mei
912 879 1068 921 sodalis.

217 965 308 991 nam
338 950 495 990 sudaria
523 948 692 989 Saetaba
720 961 767 987 ex
796 945 959 986 Hiberis

217 1016 407 1056 miserunt
435 1014 533 1054 mihi
562 1013 715 1053 muneri
746 1012 936 1051 Fabullus
1454 1023 1493 1056 15

218 1089 257 1120 et
284 1079 503 1120 Veranius:
542 1080 641 1118 haec
669 1090 800 1117 amem
829 1088 992 1115 necesse
1020 1081 1081 1114 est

218 1153 262 1185 ut
289 1144 546 1185 Veraniolum
574 1156 707 1183 meum
737 1149 777 1181 et
806 1141 1028 1181 Fabullum.

702 1297 811 1336 XIII

220 1397 406 1438 CENABIS
435 1396 549 1444 bene,
580 1395 635 1434 mi
665 1394 840 1442 Fabulle,
870 1395 979 1445 apud
1007 1407 1072 1433 me

219 1461 366 1513 paucis,
396 1460 429 1500 si
457 1459 529 1500 tibi
558 1459 599 1500 di
627 1460 773 1506 fauent,
803 1458 958 1506 diebus,

219 1526 252 1566 si
280 1533 411 1566 tecum
439 1524 614 1565 attuleris
643 1525 790 1564 bonam
818 1531 939 1575 atque
967 1536 1152 1575 magnam

219 1604 370 1639 cenam,
400 1604 481 1630 non
510 1590 595 1629 sine
623 1589 795 1629 candida
822 1590 955 1639 puella

219 1662 258 1694 et
285 1654 381 1695 uino
409 1662 448 1694 et
476 1656 557 1694 sale
585 1661 624 1694 et
653 1653 839 1693 omnibus
867 1652 1082 1693 cachinnis.
1474 1669 1492 1700 5

218 1720 316 1759 haec
345 1719 388 1767 si,
419 1719 596 1770 inquam,
623 1718 811 1766 attuleris,
842 1725 1009 1758 uenuste
1037 1725 1180 1765 noster,

207 1833 229 1863 3
252 1823 388 1864 negleg.
407 1822 459 1854 O:
482 1822 611 1863 neglig.
629 1822 693 1854 GR
833 1833 853 1862 4
876 1821 1002 1854 salsum
1022 1821 1063 1853 al.
1088 1821 1209 1853 salsum
1228 1821 1279 1853 G:
1311 1821 1432 1853 falsum
1448 1822 1490 1853 al.

165 1866 291 1898 salsum
309 1866 466 1898 ORVen:
491 1866 611 1898 salsum
626 1865 909 1898 ABCDLa¹ahh2
1027 1867 1049 1896 6
1071 1865 1196 1906 polioni
1214 1865 1272 1896 h²a
1387 1876 1405 1906 7
1429 1862 1495 1898 sraf

166 1909 298 1951 (frater)
316 1909 348 1941 Ο
501 1911 522 1941 8
545 1910 652 1942 uoluit
671 1910 722 1941 O:
754 1910 839 1941 uolit
860 1909 1030 1941 Baehrens
1212 1920 1234 1949 9
1257 1908 1424 1940 dissertus
1443 1909 1493 1941 0:

166 1954 308 1985 disertus
322 1953 531 1985 Passeratius
620 1964 660 1986 10
683 1954 814 1984 endeca
829 1953 968 1984 sillabos
986 1951 1151 1984 GORLa¹
1244 1962 1279 1983 11
1306 1956 1451 1992 expecta
1467 1956 1495 1984 Ω

169 2007 208 2028 12
231 1997 454 2029 extimatione
470 2000 498 2028 Ω
599 2007 638 2038 13
662 2007 765 2028 nemo
781 2001 834 2028 est
848 1997 958 2028 sinum
976 1996 1028 2028 O:
1052 2001 1104 2028 est
1120 2006 1221 2027 nemo
1238 1997 1348 2027 sinum
1366 1997 1496 2038 (sinunt

166 2039 338 2082 BLa¹hh²)
363 2043 429 2072 cett.
580 2051 618 2080 14
643 2041 776 2073 settaba
803 2041 856 2072 O:
888 2040 1039 2072 thessala
1062 2040 1099 2071 D
1121 2044 1152 2071 et
1177 2039 1248 2071 Vat.
1267 2041 1351 2080 1630
1450 2051 1494 2072 ex

168 2083 309 2116 Hiberis
331 2083 377 2116 ed.
396 2089 472 2126 pr.:
505 2084 669 2116 exhibere
692 2087 744 2116 n:
778 2095 822 2115 ex
848 2084 1011 2116 Hibereis
1036 2084 1255 2116 Lachmann:
1291 2094 1336 2115 ex
1364 2083 1495 2115 Hibero

168 2127 269 2159 Owen
358 2137 398 2168 15
420 2128 552 2159 numeri
565 2128 607 2159 al.
619 2128 752 2160 muneri
768 2128 951 2160 GCRVcn:
976 2128 1108 2158 numeri
1128 2126 1262 2158 ΟΑΙ.αι
1368 2128 1408 2158 16
1431 2127 1495 2158 hec

166 2171 209 2203 al.
233 2171 297 2202 hoc
318 2171 352 2202 R
438 2181 548 2203 amem
568 2170 626 2203 D:
653 2172 777 2211 almeni
798 2171 851 2204 R:
880 2172 990 2203 ameni
1016 2171 1180 2203 GOCVen
1315 2180 1352 2210 17
1377 2175 1414 2202 ut
1435 2170 1494 2202 11²:

167 2218 202 2246 et
220 2217 248 2245 Ω
334 2213 398 2246 Ad
409 2214 498 2246 hunc
509 2225 644 2246 uersum
660 2215 794 2256 respexi(
807 2215 941 2246 Plinius
956 2215 1002 2247 H.
1021 2215 1063 2246 N.
1081 2215 1182 2256 praejf.
1205 2225 1218 2246 1
1391 2223 1400 2227 ”

210 2257 297 2289 XIII
320 2267 368 2289 An
385 2268 571 2290 FABVLLvu
587 2261 615 2290 Ω
630 2270 638 2290 :
659 2259 806 2300 spaniam
823 2259 924 2290 unius
939 2269 1051 2290 versus
1067 2259 1102 2289 in
1121 2257 1152 2289 Ο
1167 2258 1262 2290 titulo
1277 2268 1387 2291 carens
1474 2268 1494 2289 ε

166 2301 214 2334 dii
230 2304 258 2334 Ω
389 2303 411 2333 6
432 2302 568 2343 inquam
584 2313 692 2345 marg.
711 2312 858 2343 unquam
875 2301 912 2334 11²
928 2314 936 2333 :
958 2312 1107 2342 unquam
1121 2305 1147 2333 Ω
