<?xml version="1.0" encoding="UTF-8"?>
<!DOCTYPE html PUBLIC "-//W3C//DTD XHTML 1.0 Transitional//EN"
    "http://www.w3.org/TR/xhtml1/DTD/xhtml1-transitional.dtd">
<html xmlns="http://www.w3.org/1999/xhtml" xml:lang="en" lang="en">
 <head>
  <title>
</title>
<meta http-equiv="Content-Type" content="text/html;charset=utf-8" />
  <meta name='ocr-system' content='tesseract 3.04.00' />
  <meta name='ocr-capabilities' content='ocr_page ocr_carea ocr_par ocr_line ocrx_word'/>
</head>
<body>
  <div class='ocr_page' id='page_1' title='image "./carminarecognovi00catuuoft_0019.png"; bbox 0 0 1592 2664; ppageno 0'>
   <div class='ocr_carea' id='block_1_1' title="bbox 266 427 977 479">
    <p class='ocr_par' dir='ltr' id='par_1_1' title="bbox 266 427 977 479">
     <span class='ocr_line' id='line_1_1' title="bbox 266 427 977 479; baseline -0.006 0"><span class='ocrx_word' id='word_1_1' title='bbox 266 429 578 479; x_wconf 88' lang='lat' dir='ltr'>CATVLLI</span> <span class='ocrx_word' id='word_1_2' title='bbox 633 427 977 476; x_wconf 75' lang='lat' dir='ltr'><strong>CARMINA</strong></span> 
     </span>
    </p>
   </div>
   <div class='ocr_carea' id='block_1_2' title="bbox 580 629 599 668">
    <p class='ocr_par' dir='ltr' id='par_1_2' title="bbox 580 629 599 668">
     <span class='ocr_line' id='line_1_2' title="bbox 580 629 599 668; baseline 0 0"><span class='ocrx_word' id='word_1_3' title='bbox 580 629 599 668; x_wconf 96' lang='lat' dir='ltr'>I</span> 
     </span>
    </p>
   </div>
   <div class='ocr_carea' id='block_1_3' title="bbox 146 703 1423 1349">
    <p class='ocr_par' dir='ltr' id='par_1_3' title="bbox 148 703 960 758">
     <span class='ocr_line' id='line_1_3' title="bbox 148 703 960 758; baseline 0 -13"><span class='ocrx_word' id='word_1_4' title='bbox 148 707 229 758; x_wconf 87' lang='lat' dir='ltr'>Qv1</span> <span class='ocrx_word' id='word_1_5' title='bbox 260 707 368 747; x_wconf 93' lang='lat' dir='ltr'>dono</span> <span class='ocrx_word' id='word_1_6' title='bbox 396 705 573 757; x_wconf 90' lang='lat' dir='ltr'>lepidum</span> <span class='ocrx_word' id='word_1_7' title='bbox 602 718 754 745; x_wconf 89' lang='lat' dir='ltr'>nouum</span> <span class='ocrx_word' id='word_1_8' title='bbox 782 703 960 745; x_wconf 86' lang='lat' dir='ltr'>libellum</span> 
     </span>
    </p>

    <p class='ocr_par' dir='ltr' id='par_1_4' title="bbox 146 769 868 821">
     <span class='ocr_line' id='line_1_4' title="bbox 146 769 868 821; baseline -0.006 -9"><span class='ocrx_word' id='word_1_9' title='bbox 146 771 256 813; x_wconf 85' lang='lat' dir='ltr'>arido</span> <span class='ocrx_word' id='word_1_10' title='bbox 284 771 406 810; x_wconf 90' lang='lat' dir='ltr'>modo</span> <span class='ocrx_word' id='word_1_11' title='bbox 434 769 592 821; x_wconf 88' lang='lat' dir='ltr'>pumice</span> <span class='ocrx_word' id='word_1_12' title='bbox 621 769 868 821; x_wconf 84' lang='lat' dir='ltr'>expolitum?</span> 
     </span>
    </p>

    <p class='ocr_par' dir='ltr' id='par_1_5' title="bbox 148 834 896 885">
     <span class='ocr_line' id='line_1_5' title="bbox 148 834 896 885; baseline -0.004 -9"><span class='ocrx_word' id='word_1_13' title='bbox 148 836 317 883; x_wconf 90' lang='lat' dir='ltr'>Corneli,</span> <span class='ocrx_word' id='word_1_14' title='bbox 340 835 433 875; x_wconf 89' lang='lat' dir='ltr'>tibi:</span> <span class='ocrx_word' id='word_1_15' title='bbox 468 848 641 885; x_wconf 83' lang='lat' dir='ltr'>namque</span> <span class='ocrx_word' id='word_1_16' title='bbox 670 842 712 874; x_wconf 93' lang='lat' dir='ltr'>tu</span> <span class='ocrx_word' id='word_1_17' title='bbox 742 834 896 874; x_wconf 88' lang='lat' dir='ltr'>solebas</span> 
     </span>
    </p>

    <p class='ocr_par' dir='ltr' id='par_1_6' title="bbox 148 899 886 950">
     <span class='ocr_line' id='line_1_6' title="bbox 148 899 886 950; baseline -0.001 -11"><span class='ocrx_word' id='word_1_18' title='bbox 148 914 254 939; x_wconf 88' lang='lat' dir='ltr'>meas</span> <span class='ocrx_word' id='word_1_19' title='bbox 283 913 368 939; x_wconf 89' lang='lat' dir='ltr'>esse</span> <span class='ocrx_word' id='word_1_20' title='bbox 396 899 545 950; x_wconf 86' lang='lat' dir='ltr'>aliquid</span> <span class='ocrx_word' id='word_1_21' title='bbox 572 907 710 950; x_wconf 86' lang='lat' dir='ltr'>putare</span> <span class='ocrx_word' id='word_1_22' title='bbox 738 912 886 949; x_wconf 85' lang='lat' dir='ltr'>nugas;</span> 
     </span>
    </p>

    <p class='ocr_par' dir='ltr' id='par_1_7' title="bbox 147 965 1419 1080">
     <span class='ocr_line' id='line_1_7' title="bbox 147 965 1419 1010; baseline -0.003 -6"><span class='ocrx_word' id='word_1_23' title='bbox 147 965 225 1004; x_wconf 91' lang='lat' dir='ltr'>iam</span> <span class='ocrx_word' id='word_1_24' title='bbox 253 972 339 1005; x_wconf 89' lang='lat' dir='ltr'>tum</span> <span class='ocrx_word' id='word_1_25' title='bbox 366 978 458 1003; x_wconf 91' lang='lat' dir='ltr'>cum</span> <span class='ocrx_word' id='word_1_26' title='bbox 485 977 602 1003; x_wconf 87' lang='lat' dir='ltr'>ausus</span> <span class='ocrx_word' id='word_1_27' title='bbox 632 978 674 1003; x_wconf 89' lang='lat' dir='ltr'>es</span> <span class='ocrx_word' id='word_1_28' title='bbox 703 977 805 1002; x_wconf 87' lang='lat' dir='ltr'>unus</span> <span class='ocrx_word' id='word_1_29' title='bbox 835 965 1025 1002; x_wconf 85' lang='lat' dir='ltr'>Italorum</span> <span class='ocrx_word' id='word_1_30' title='bbox 1402 979 1419 1010; x_wconf 87' lang='lat'>5</span> 
     </span>
     <span class='ocr_line' id='line_1_8' title="bbox 148 1027 955 1080; baseline -0.002 -12"><span class='ocrx_word' id='word_1_31' title='bbox 148 1043 266 1070; x_wconf 89' lang='lat' dir='ltr'>omne</span> <span class='ocrx_word' id='word_1_32' title='bbox 294 1043 438 1069; x_wconf 88' lang='lat' dir='ltr'>aeuum</span> <span class='ocrx_word' id='word_1_33' title='bbox 466 1029 589 1068; x_wconf 90' lang='lat' dir='ltr'>tribus</span> <span class='ocrx_word' id='word_1_34' title='bbox 619 1027 812 1080; x_wconf 86' lang='lat' dir='ltr'>explicare</span> <span class='ocrx_word' id='word_1_35' title='bbox 840 1027 955 1067; x_wconf 90' lang='lat' dir='ltr'>cartis</span> 
     </span>
    </p>

    <p class='ocr_par' dir='ltr' id='par_1_8' title="bbox 148 1092 819 1144">
     <span class='ocr_line' id='line_1_9' title="bbox 148 1092 819 1144; baseline -0.001 -11"><span class='ocrx_word' id='word_1_36' title='bbox 148 1094 287 1143; x_wconf 87' lang='lat' dir='ltr'>doctis,</span> <span class='ocrx_word' id='word_1_37' title='bbox 319 1093 508 1144; x_wconf 89' lang='lat' dir='ltr'>Iuppiter,</span> <span class='ocrx_word' id='word_1_38' title='bbox 537 1100 576 1132; x_wconf 90' lang='lat' dir='ltr'>et</span> <span class='ocrx_word' id='word_1_39' title='bbox 603 1092 819 1132; x_wconf 85' lang='lat' dir='ltr'>laboriosis.</span> 
     </span>
    </p>

    <p class='ocr_par' dir='ltr' id='par_1_9' title="bbox 148 1156 976 1210">
     <span class='ocr_line' id='line_1_10' title="bbox 148 1156 976 1210; baseline -0.005 -11"><span class='ocrx_word' id='word_1_40' title='bbox 148 1173 269 1210; x_wconf 84' lang='lat' dir='ltr'>quare</span> <span class='ocrx_word' id='word_1_41' title='bbox 294 1159 398 1198; x_wconf 85' lang='lat' dir='ltr'><strong>habe</strong></span> <span class='ocrx_word' id='word_1_42' title='bbox 426 1158 498 1197; x_wconf 91' lang='lat' dir='ltr'>tibi</span> <span class='ocrx_word' id='word_1_43' title='bbox 526 1156 721 1208; x_wconf 88' lang='lat' dir='ltr'>quidquid</span> <span class='ocrx_word' id='word_1_44' title='bbox 749 1158 827 1196; x_wconf 91' lang='lat' dir='ltr'>hoc</span> <span class='ocrx_word' id='word_1_45' title='bbox 854 1156 976 1196; x_wconf 86' lang='lat' dir='ltr'>libelli</span> 
     </span>
    </p>

    <p class='ocr_par' dir='ltr' id='par_1_10' title="bbox 150 1221 1010 1274">
     <span class='ocr_line' id='line_1_11' title="bbox 150 1221 1010 1274; baseline -0.005 -11"><span class='ocrx_word' id='word_1_46' title='bbox 150 1225 464 1274; x_wconf 79' lang='lat' dir='ltr'>qualecumque3</span> <span class='ocrx_word' id='word_1_47' title='bbox 491 1224 611 1274; x_wconf 86' lang='lat' dir='ltr'>quod,</span> <span class='ocrx_word' id='word_1_48' title='bbox 643 1236 667 1261; x_wconf 96' lang='lat' dir='ltr'>o</span> <span class='ocrx_word' id='word_1_49' title='bbox 697 1230 862 1272; x_wconf 86' lang='lat' dir='ltr'>patrona</span> <span class='ocrx_word' id='word_1_50' title='bbox 889 1221 1010 1272; x_wconf 83' lang='lat' dir='ltr'>uirgo,</span> 
     </span>
    </p>

    <p class='ocr_par' dir='ltr' id='par_1_11' title="bbox 150 1288 1423 1349">
     <span class='ocr_line' id='line_1_12' title="bbox 150 1288 1423 1349; baseline -0.003 -22"><span class='ocrx_word' id='word_1_51' title='bbox 150 1290 237 1340; x_wconf 89' lang='lat' dir='ltr'>plus</span> <span class='ocrx_word' id='word_1_52' title='bbox 265 1301 346 1328; x_wconf 91' lang='lat' dir='ltr'>uno</span> <span class='ocrx_word' id='word_1_53' title='bbox 374 1295 531 1327; x_wconf 84' lang='lat' dir='ltr'>maneat</span> <span class='ocrx_word' id='word_1_54' title='bbox 559 1301 732 1349; x_wconf 84' lang='lat' dir='ltr'>perenne</span> <span class='ocrx_word' id='word_1_55' title='bbox 762 1288 902 1326; x_wconf 88' lang='lat' dir='ltr'>saeclo.</span> <span class='ocrx_word' id='word_1_56' title='bbox 1383 1301 1423 1323; x_wconf 92' lang='lat'>10</span> 
     </span>
    </p>
   </div>
   <div class='ocr_carea' id='block_1_4' title="bbox 556 1399 599 1436">
    <p class='ocr_par' dir='ltr' id='par_1_12' title="bbox 556 1399 599 1436">
     <span class='ocr_line' id='line_1_13' title="bbox 556 1399 599 1436; baseline 0 0"><span class='ocrx_word' id='word_1_57' title='bbox 556 1399 599 1436; x_wconf 93' lang='lat' dir='ltr'>II</span> 
     </span>
    </p>
   </div>
   <div class='ocr_carea' id='block_1_5' title="bbox 150 1478 996 1598">
    <p class='ocr_par' dir='ltr' id='par_1_13' title="bbox 150 1478 996 1598">
     <span class='ocr_line' id='line_1_14' title="bbox 151 1478 848 1529; baseline -0.003 -10"><span class='ocrx_word' id='word_1_58' title='bbox 151 1482 320 1527; x_wconf 63' lang='lat' dir='ltr'>PAssmz,</span> <span class='ocrx_word' id='word_1_59' title='bbox 351 1478 516 1518; x_wconf 86' lang='lat' dir='ltr'>deliciae</span> <span class='ocrx_word' id='word_1_60' title='bbox 544 1491 656 1518; x_wconf 83' lang='lat' dir='ltr'>meae</span> <span class='ocrx_word' id='word_1_61' title='bbox 683 1480 848 1529; x_wconf 87' lang='lat' dir='ltr'>puellae,</span> 
     </span>
     <span class='ocr_line' id='line_1_15' title="bbox 150 1543 996 1598; baseline -0.002 -15"><span class='ocrx_word' id='word_1_62' title='bbox 150 1545 311 1596; x_wconf 88' lang='lat' dir='ltr'>quicum</span> <span class='ocrx_word' id='word_1_63' title='bbox 340 1545 486 1591; x_wconf 90' lang='lat' dir='ltr'>ludere,</span> <span class='ocrx_word' id='word_1_64' title='bbox 517 1557 635 1594; x_wconf 86' lang='lat' dir='ltr'>quem</span> <span class='ocrx_word' id='word_1_65' title='bbox 664 1543 704 1581; x_wconf 92' lang='lat' dir='ltr'>in</span> <span class='ocrx_word' id='word_1_66' title='bbox 734 1543 822 1598; x_wconf 83' lang='lat' dir='ltr'>sinu</span> <span class='ocrx_word' id='word_1_67' title='bbox 852 1550 996 1590; x_wconf 87' lang='lat' dir='ltr'>tenere,</span> 
     </span>
    </p>
   </div>
   <div class='ocr_carea' id='block_1_6' title="bbox 98 1643 1424 1895">
    <p class='ocr_par' dir='ltr' id='par_1_14' title="bbox 98 1643 1424 1895">
     <span class='ocr_line' id='line_1_16' title="bbox 140 1643 1424 1689; baseline -0.003 -11"><span class='ocrx_word' id='word_1_68' title='bbox 140 1647 265 1678; x_wconf 83' lang='lat' dir='ltr'>Catulli</span> <span class='ocrx_word' id='word_1_69' title='bbox 291 1645 455 1689; x_wconf 69' lang='lat' dir='ltr'>(-1isLa²)</span> <span class='ocrx_word' id='word_1_70' title='bbox 472 1645 682 1677; x_wconf 85' lang='lat' dir='ltr'>Veronensis</span> <span class='ocrx_word' id='word_1_71' title='bbox 705 1645 790 1676; x_wconf 89' lang='lat' dir='ltr'>liber</span> <span class='ocrx_word' id='word_1_72' title='bbox 813 1645 930 1685; x_wconf 85' lang='lat' dir='ltr'>incipit</span> <span class='ocrx_word' id='word_1_73' title='bbox 953 1645 994 1676; x_wconf 93' lang='lat' dir='ltr'>ad</span> <span class='ocrx_word' id='word_1_74' title='bbox 1019 1644 1216 1676; x_wconf 90' lang='lat' dir='ltr'>Cornelium</span> <span class='ocrx_word' id='word_1_75' title='bbox 1239 1643 1338 1675; x_wconf 86' lang='lat' dir='ltr'>BGR</span> <span class='ocrx_word' id='word_1_76' title='bbox 1359 1643 1424 1674; x_wconf 84' lang='lat' dir='ltr'>Ven</span> 
     </span>
     <span class='ocr_line' id='line_1_17' title="bbox 98 1686 1423 1729; baseline -0.003 -8"><span class='ocrx_word' id='word_1_77' title='bbox 98 1688 202 1722; x_wconf 81' lang='lat' dir='ltr'><em>Laur.</em></span> <span class='ocrx_word' id='word_1_78' title='bbox 231 1699 283 1729; x_wconf 87' lang='lat'>33.</span> <span class='ocrx_word' id='word_1_79' title='bbox 314 1699 374 1721; x_wconf 87' lang='lat'>12:</span> <span class='ocrx_word' id='word_1_80' title='bbox 412 1689 536 1721; x_wconf 87' lang='lat' dir='ltr'>Catulli</span> <span class='ocrx_word' id='word_1_81' title='bbox 558 1688 767 1721; x_wconf 84' lang='lat' dir='ltr'>Veronensis</span> <span class='ocrx_word' id='word_1_82' title='bbox 798 1693 923 1728; x_wconf 89' lang='lat' dir='ltr'>poetae</span> <span class='ocrx_word' id='word_1_83' title='bbox 957 1688 1043 1719; x_wconf 87' lang='lat' dir='ltr'>liber</span> <span class='ocrx_word' id='word_1_84' title='bbox 1075 1688 1195 1727; x_wconf 89' lang='lat' dir='ltr'>incipit</span> <span class='ocrx_word' id='word_1_85' title='bbox 1217 1686 1251 1718; x_wconf 87' lang='lat' dir='ltr'><em>A</em></span> <span class='ocrx_word' id='word_1_86' title='bbox 1280 1690 1310 1717; x_wconf 80' lang='lat' dir='ltr'>et</span> <span class='ocrx_word' id='word_1_87' title='bbox 1334 1686 1423 1718; x_wconf 84' lang='lat' dir='ltr'>San-</span> 
     </span>
     <span class='ocr_line' id='line_1_18' title="bbox 99 1730 1424 1765; baseline -0.003 0"><span class='ocrx_word' id='word_1_88' title='bbox 99 1733 271 1765; x_wconf 61' lang='lat' dir='ltr'>tensanus:</span> <span class='ocrx_word' id='word_1_89' title='bbox 301 1732 426 1764; x_wconf 88' lang='lat' dir='ltr'>Catulli</span> <span class='ocrx_word' id='word_1_90' title='bbox 434 1732 646 1765; x_wconf 85' lang='lat' dir='ltr'>Veronensis</span> <span class='ocrx_word' id='word_1_91' title='bbox 661 1733 704 1763; x_wconf 89' lang='lat' dir='ltr'>ad</span> <span class='ocrx_word' id='word_1_92' title='bbox 720 1732 918 1763; x_wconf 86' lang='lat' dir='ltr'>Cornelium</span> <span class='ocrx_word' id='word_1_93' title='bbox 930 1730 995 1762; x_wconf 80' lang='lat' dir='ltr'>La¹</span> <span class='ocrx_word' id='word_1_94' title='bbox 1012 1743 1019 1762; x_wconf 94' lang='lat'><strong>:</strong></span> <span class='ocrx_word' id='word_1_95' title='bbox 1050 1731 1203 1762; x_wconf 85' lang='lat' dir='ltr'>Catullus</span> <span class='ocrx_word' id='word_1_96' title='bbox 1213 1730 1424 1761; x_wconf 86' lang='lat' dir='ltr'>Veronensis</span> 
     </span>
     <span class='ocr_line' id='line_1_19' title="bbox 98 1773 1424 1817; baseline -0.002 -10"><span class='ocrx_word' id='word_1_97' title='bbox 98 1780 200 1817; x_wconf 85' lang='lat' dir='ltr'>poeta</span> <span class='ocrx_word' id='word_1_98' title='bbox 225 1775 277 1807; x_wconf 92' lang='lat' dir='ltr'>O:</span> <span class='ocrx_word' id='word_1_99' title='bbox 321 1775 432 1807; x_wconf 85' lang='lat' dir='ltr'>Catuli</span> <span class='ocrx_word' id='word_1_100' title='bbox 459 1775 671 1807; x_wconf 88' lang='lat' dir='ltr'>Veronensis</span> <span class='ocrx_word' id='word_1_101' title='bbox 698 1779 801 1815; x_wconf 88' lang='lat' dir='ltr'>poete</span> <span class='ocrx_word' id='word_1_102' title='bbox 826 1775 876 1806; x_wconf 87' lang='lat' dir='ltr'>cla</span> <span class='ocrx_word' id='word_1_103' title='bbox 906 1775 992 1805; x_wconf 91' lang='lat' dir='ltr'>liber</span> <span class='ocrx_word' id='word_1_104' title='bbox 1018 1774 1195 1814; x_wconf 80' lang='lat' dir='ltr'>incipita:</span> <span class='ocrx_word' id='word_1_105' title='bbox 1242 1773 1284 1812; x_wconf 85' lang='lat' dir='ltr'>Q.</span> <span class='ocrx_word' id='word_1_106' title='bbox 1311 1773 1424 1804; x_wconf 89' lang='lat' dir='ltr'>Catuli</span> 
     </span>
     <span class='ocr_line' id='line_1_20' title="bbox 98 1817 1421 1858; baseline -0.001 -8"><span class='ocrx_word' id='word_1_107' title='bbox 98 1819 307 1852; x_wconf 87' lang='lat' dir='ltr'>Veronensis</span> <span class='ocrx_word' id='word_1_108' title='bbox 330 1819 416 1850; x_wconf 86' lang='lat' dir='ltr'>liber</span> <span class='ocrx_word' id='word_1_109' title='bbox 439 1818 559 1858; x_wconf 86' lang='lat' dir='ltr'>incipit</span> <span class='ocrx_word' id='word_1_110' title='bbox 585 1819 628 1850; x_wconf 93' lang='lat' dir='ltr'>ad</span> <span class='ocrx_word' id='word_1_111' title='bbox 654 1818 850 1849; x_wconf 90' lang='lat' dir='ltr'>Cornelium</span> <span class='ocrx_word' id='word_1_112' title='bbox 878 1818 892 1849; x_wconf 93' lang='lat'>1</span> <span class='ocrx_word' id='word_1_113' title='bbox 923 1817 978 1849; x_wconf 90' lang='lat' dir='ltr'>D:</span> <span class='ocrx_word' id='word_1_114' title='bbox 1024 1827 1058 1855; x_wconf 79' lang='grc' dir='ltr'>ρ.</span> <span class='ocrx_word' id='word_1_115' title='bbox 1088 1826 1232 1850; x_wconf 70' lang='grc' dir='ltr'>νΑιειυ.</span> <span class='ocrx_word' id='word_1_116' title='bbox 1265 1826 1421 1849; x_wconf 78' lang='lat' dir='ltr'>CATVLLI.</span> 
     </span>
     <span class='ocr_line' id='line_1_21' title="bbox 98 1861 838 1895; baseline -0.003 -1"><span class='ocrx_word' id='word_1_117' title='bbox 98 1872 294 1895; x_wconf 68' lang='lat' dir='ltr'>vzaonsus.</span> <span class='ocrx_word' id='word_1_118' title='bbox 309 1871 358 1893; x_wconf 76' lang='lat' dir='ltr'>An</span> <span class='ocrx_word' id='word_1_119' title='bbox 373 1871 481 1894; x_wconf 71' lang='lat' dir='ltr'>conu.</span> <span class='ocrx_word' id='word_1_120' title='bbox 495 1871 667 1894; x_wconf 69' lang='lat' dir='ltr'>NEPOTEM.</span> <span class='ocrx_word' id='word_1_121' title='bbox 683 1871 791 1892; x_wconf 69' lang='lat' dir='ltr'>mmm</span> <span class='ocrx_word' id='word_1_122' title='bbox 809 1861 838 1892; x_wconf 87' lang='lat' dir='ltr'><em>C</em></span> 
     </span>
    </p>
   </div>
   <div class='ocr_carea' id='block_1_7' title="bbox 100 1914 1428 2086">
    <p class='ocr_par' dir='ltr' id='par_1_15' title="bbox 100 1914 1428 2086">
     <span class='ocr_line' id='line_1_22' title="bbox 144 1914 1427 1957; baseline -0.001 -11"><span class='ocrx_word' id='word_1_123' title='bbox 144 1915 159 1947; x_wconf 89' lang='lat'>1</span> <span class='ocrx_word' id='word_1_124' title='bbox 183 1925 198 1946; x_wconf 94' lang='lat'>1</span> <span class='ocrx_word' id='word_1_125' title='bbox 223 1915 290 1956; x_wconf 87' lang='lat' dir='ltr'>Qui</span> <span class='ocrx_word' id='word_1_126' title='bbox 305 1915 398 1947; x_wconf 80' lang='lat' dir='ltr'>ADh</span> <span class='ocrx_word' id='word_1_127' title='bbox 418 1915 602 1947; x_wconf 82' lang='lat' dir='ltr'>Gulielmus</span> <span class='ocrx_word' id='word_1_128' title='bbox 613 1915 845 1957; x_wconf 78' lang='lat' dir='ltr'>Pastrengicus</span> <span class='ocrx_word' id='word_1_129' title='bbox 861 1916 1071 1956; x_wconf 84' lang='lat'><strong>(1295-1360</strong></span> <span class='ocrx_word' id='word_1_130' title='bbox 1085 1925 1160 1947; x_wconf 63' lang='grc' dir='ltr'>ΑΛ).</span> <span class='ocrx_word' id='word_1_131' title='bbox 1165 1916 1178 1954; x_wconf 87' lang='grc'>)</span> <span class='ocrx_word' id='word_1_132' title='bbox 1192 1914 1231 1946; x_wconf 82' lang='lat' dir='ltr'>de</span> <span class='ocrx_word' id='word_1_133' title='bbox 1243 1914 1427 1956; x_wconf 73' lang='lat' dir='ltr'>on&#39;gim&#39;bus</span> 
     </span>
     <span class='ocr_line' id='line_1_23' title="bbox 100 1958 1425 2001; baseline -0.002 -10"><span class='ocrx_word' id='word_1_134' title='bbox 100 1969 209 1991; x_wconf 68' lang='lat' dir='ltr'>renem</span> <span class='ocrx_word' id='word_1_135' title='bbox 219 1964 255 2001; x_wconf 82' lang='lat' dir='ltr'>p.</span> <span class='ocrx_word' id='word_1_136' title='bbox 273 1959 367 1991; x_wconf 72' lang='lat'>8812:</span> <span class='ocrx_word' id='word_1_137' title='bbox 394 1960 450 1991; x_wconf 91' lang='lat' dir='ltr'>cui</span> <span class='ocrx_word' id='word_1_138' title='bbox 468 1958 549 1991; x_wconf 86' lang='lat' dir='ltr'>GO*</span> <span class='ocrx_word' id='word_1_139' title='bbox 566 1959 649 2001; x_wconf 88' lang='lat' dir='ltr'>(non</span> <span class='ocrx_word' id='word_1_140' title='bbox 665 1959 738 1999; x_wconf 90' lang='lat' dir='ltr'>qui)</span> <span class='ocrx_word' id='word_1_141' title='bbox 760 1958 920 1991; x_wconf 87' lang='lat' dir='ltr'><em>RBCLa&#39;</em></span> <span class='ocrx_word' id='word_1_142' title='bbox 1035 1969 1055 1989; x_wconf 89' lang='lat'><em>2</em></span> <span class='ocrx_word' id='word_1_143' title='bbox 1078 1959 1175 1990; x_wconf 85' lang='lat' dir='ltr'>arido</span> <span class='ocrx_word' id='word_1_144' title='bbox 1191 1958 1282 1990; x_wconf 86' lang='lat' dir='ltr'>codd.</span> <span class='ocrx_word' id='word_1_145' title='bbox 1299 1970 1308 1989; x_wconf 73' lang='lat' dir='ltr'>t</span> <span class='ocrx_word' id='word_1_146' title='bbox 1330 1958 1425 1989; x_wconf 84' lang='lat' dir='ltr'>arida</span> 
     </span>
     <span class='ocr_line' id='line_1_24' title="bbox 100 2001 1428 2044; baseline -0.002 -10"><span class='ocrx_word' id='word_1_147' title='bbox 100 2002 339 2044; x_wconf 73' lang='lat' dir='ltr'>Pastrengx’ms,</span> <span class='ocrx_word' id='word_1_148' title='bbox 351 2002 499 2042; x_wconf 81' lang='lat' dir='ltr'>sortasse</span> <span class='ocrx_word' id='word_1_149' title='bbox 519 2013 559 2034; x_wconf 85' lang='lat' dir='ltr'>ex</span> <span class='ocrx_word' id='word_1_150' title='bbox 578 2002 681 2034; x_wconf 76' lang='lat' dir='ltr'>Semi</span> <span class='ocrx_word' id='word_1_151' title='bbox 698 2001 907 2034; x_wconf 77' lang='lat' dir='ltr'>adnotatione</span> <span class='ocrx_word' id='word_1_152' title='bbox 922 2001 971 2033; x_wconf 82' lang='lat' dir='ltr'>ad</span> <span class='ocrx_word' id='word_1_153' title='bbox 988 2002 1076 2034; x_wconf 85' lang='lat' dir='ltr'>Aen.</span> <span class='ocrx_word' id='word_1_154' title='bbox 1092 2002 1150 2034; x_wconf 86' lang='lat' dir='ltr'>xii.</span> <span class='ocrx_word' id='word_1_155' title='bbox 1166 2003 1231 2042; x_wconf 86' lang='lat'>587</span> <span class='ocrx_word' id='word_1_156' title='bbox 1247 2001 1306 2032; x_wconf 83' lang='lat' dir='ltr'>ubi</span> <span class='ocrx_word' id='word_1_157' title='bbox 1325 2001 1428 2032; x_wconf 68' lang='lat' dir='ltr'>tradit</span> 
     </span>
     <span class='ocr_line' id='line_1_25' title="bbox 103 2044 1426 2086; baseline -0.001 -9"><span class='ocrx_word' id='word_1_158' title='bbox 103 2045 273 2078; x_wconf 85' lang='lat' dir='ltr'>Catullum</span> <span class='ocrx_word' id='word_1_159' title='bbox 288 2045 455 2086; x_wconf 87' lang='lat' dir='ltr'>pumicem</span> <span class='ocrx_word' id='word_1_160' title='bbox 469 2045 758 2085; x_wconf 69' lang='lat' dir='ltr'>dim&#39;ssesemim&#39;no</span> <span class='ocrx_word' id='word_1_161' title='bbox 844 2055 864 2085; x_wconf 90' lang='lat'>5</span> <span class='ocrx_word' id='word_1_162' title='bbox 887 2050 958 2077; x_wconf 87' lang='lat' dir='ltr'>tum</span> <span class='ocrx_word' id='word_1_163' title='bbox 974 2046 1018 2076; x_wconf 88' lang='grc' dir='ltr'>Ιι.</span> <span class='ocrx_word' id='word_1_164' title='bbox 1042 2050 1156 2077; x_wconf 90' lang='lat' dir='ltr'>tamen</span> <span class='ocrx_word' id='word_1_165' title='bbox 1175 2049 1201 2076; x_wconf 88' lang='grc' dir='ltr'>Ω</span> <span class='ocrx_word' id='word_1_166' title='bbox 1259 2055 1297 2076; x_wconf 87' lang='lat' dir='ltr'>es</span> <span class='ocrx_word' id='word_1_167' title='bbox 1311 2044 1358 2076; x_wconf 78' lang='lat' dir='ltr'>lt·</span> <span class='ocrx_word' id='word_1_168' title='bbox 1373 2050 1426 2076; x_wconf 90' lang='lat' dir='ltr'>est</span> 
     </span>
    </p>
   </div>
   <div class='ocr_carea' id='block_1_8' title="bbox 51 2087 1425 2216">
    <p class='ocr_par' dir='ltr' id='par_1_16' title="bbox 51 2087 1425 2216">
     <span class='ocr_line' id='line_1_26' title="bbox 101 2087 1424 2129; baseline -0.001 -9"><span class='ocrx_word' id='word_1_169' title='bbox 101 2091 128 2119; x_wconf 86' lang='grc' dir='ltr'><strong>Ω</strong></span> <span class='ocrx_word' id='word_1_170' title='bbox 226 2089 248 2120; x_wconf 88' lang='grc'><strong>8</strong></span> <span class='ocrx_word' id='word_1_171' title='bbox 269 2089 330 2120; x_wconf 85' lang='lat' dir='ltr'>tibi</span> <span class='ocrx_word' id='word_1_172' title='bbox 341 2089 428 2120; x_wconf 86' lang='lat' dir='ltr'>habe</span> <span class='ocrx_word' id='word_1_173' title='bbox 439 2089 599 2128; x_wconf 87' lang='lat' dir='ltr'>quicquid</span> <span class='ocrx_word' id='word_1_174' title='bbox 610 2092 637 2120; x_wconf 86' lang='grc' dir='ltr'>Ω</span> <span class='ocrx_word' id='word_1_175' title='bbox 704 2089 790 2120; x_wconf 90' lang='lat' dir='ltr'>haec</span> <span class='ocrx_word' id='word_1_176' title='bbox 803 2088 834 2119; x_wconf 92' lang='grc' dir='ltr'><em>Ο</em></span> <span class='ocrx_word' id='word_1_177' title='bbox 899 2088 1004 2120; x_wconf 86' lang='lat' dir='ltr'>libelli</span> <span class='ocrx_word' id='word_1_178' title='bbox 1017 2089 1060 2120; x_wconf 89' lang='lat' dir='ltr'>al.</span> <span class='ocrx_word' id='word_1_179' title='bbox 1071 2089 1137 2120; x_wconf 91' lang='lat' dir='ltr'>mei</span> <span class='ocrx_word' id='word_1_180' title='bbox 1151 2088 1180 2120; x_wconf 89' lang='lat' dir='ltr'><strong><em>G</em></strong></span> <span class='ocrx_word' id='word_1_181' title='bbox 1278 2087 1424 2129; x_wconf 87' lang='lat' dir='ltr'>9quod]</span> 
     </span>
     <span class='ocr_line' id='line_1_27' title="bbox 51 2130 1425 2174; baseline 0 -11"><span class='ocrx_word' id='word_1_182' title='bbox 51 2144 56 2147; x_wconf 65' lang='grc'><em>’</em></span> <span class='ocrx_word' id='word_1_183' title='bbox 100 2132 237 2172; x_wconf 87' lang='lat' dir='ltr'>quidem</span> <span class='ocrx_word' id='word_1_184' title='bbox 247 2131 292 2173; x_wconf 88' lang='lat' dir='ltr'>D,</span> <span class='ocrx_word' id='word_1_185' title='bbox 304 2131 399 2164; x_wconf 87' lang='lat' dir='ltr'>Bodl.</span> <span class='ocrx_word' id='word_1_186' title='bbox 415 2130 493 2164; x_wconf 83' lang='lat' dir='ltr'>Lat.</span> <span class='ocrx_word' id='word_1_187' title='bbox 510 2131 613 2163; x_wconf 81' lang='lat' dir='ltr'>class.</span> <span class='ocrx_word' id='word_1_188' title='bbox 632 2142 654 2163; x_wconf 84' lang='lat' dir='ltr'>e.</span> <span class='ocrx_word' id='word_1_189' title='bbox 678 2141 728 2172; x_wconf 87' lang='lat'>15,</span> <span class='ocrx_word' id='word_1_190' title='bbox 751 2142 860 2174; x_wconf 83' lang='lat' dir='ltr'><em>marg.</em></span> <span class='ocrx_word' id='word_1_191' title='bbox 876 2131 911 2163; x_wconf 90' lang='lat' dir='ltr'><em>R</em></span> <span class='ocrx_word' id='word_1_192' title='bbox 999 2142 1019 2163; x_wconf 93' lang='lat' dir='ltr'>o</span> <span class='ocrx_word' id='word_1_193' title='bbox 1043 2131 1119 2164; x_wconf 81' lang='lat' dir='ltr'><em>add.</em></span> <span class='ocrx_word' id='word_1_194' title='bbox 1138 2131 1324 2163; x_wconf 72' lang='lat' dir='ltr'>Perusinus</span> <span class='ocrx_word' id='word_1_195' title='bbox 1339 2132 1399 2173; x_wconf 83' lang='lat' dir='ltr'>(p)</span> <span class='ocrx_word' id='word_1_196' title='bbox 1417 2142 1425 2163; x_wconf 89' lang='lat'>:</span> 
     </span>
     <span class='ocr_line' id='line_1_28' title="bbox 101 2174 1066 2216; baseline -0.002 -9"><span class='ocrx_word' id='word_1_197' title='bbox 101 2185 167 2207; x_wconf 91' lang='lat' dir='ltr'>om.</span> <span class='ocrx_word' id='word_1_198' title='bbox 184 2178 211 2206; x_wconf 83' lang='grc' dir='ltr'><strong>Ω</strong></span> <span class='ocrx_word' id='word_1_199' title='bbox 300 2175 432 2215; x_wconf 78' lang='lat' dir='ltr'>patroni</span> <span class='ocrx_word' id='word_1_200' title='bbox 447 2178 483 2206; x_wconf 85' lang='lat' dir='ltr'>ut</span> <span class='ocrx_word' id='word_1_201' title='bbox 498 2184 582 2214; x_wconf 82' lang='lat' dir='ltr'>ergo</span> <span class='ocrx_word' id='word_1_202' title='bbox 597 2174 706 2216; x_wconf 85' lang='lat' dir='ltr'>Bergk</span> <span class='ocrx_word' id='word_1_203' title='bbox 838 2186 879 2207; x_wconf 91' lang='lat'>10</span> <span class='ocrx_word' id='word_1_204' title='bbox 901 2175 1015 2216; x_wconf 84' lang='lat' dir='ltr'>perire</span> <span class='ocrx_word' id='word_1_205' title='bbox 1034 2174 1066 2205; x_wconf 93' lang='grc' dir='ltr'><em>Ο</em></span> 
     </span>
    </p>
   </div>
   <div class='ocr_carea' id='block_1_9' title="bbox 101 2217 1426 2295">
    <p class='ocr_par' dir='ltr' id='par_1_17' title="bbox 101 2217 1426 2295">
     <span class='ocr_line' id='line_1_29' title="bbox 146 2217 1426 2260; baseline -0.001 -11"><span class='ocrx_word' id='word_1_206' title='bbox 146 2218 177 2249; x_wconf 89' lang='lat'>11</span> <span class='ocrx_word' id='word_1_207' title='bbox 202 2218 318 2251; x_wconf 82' lang='lat' dir='ltr'>Fletus</span> <span class='ocrx_word' id='word_1_208' title='bbox 333 2217 480 2258; x_wconf 79' lang='lat' dir='ltr'>passeris</span> <span class='ocrx_word' id='word_1_209' title='bbox 492 2217 616 2250; x_wconf 87' lang='lat' dir='ltr'>Lesbie</span> <span class='ocrx_word' id='word_1_210' title='bbox 631 2221 659 2249; x_wconf 83' lang='grc' dir='ltr'>Ω</span> <span class='ocrx_word' id='word_1_211' title='bbox 677 2229 686 2250; x_wconf 77' lang='lat' dir='ltr'>t</span> <span class='ocrx_word' id='word_1_212' title='bbox 708 2219 855 2260; x_wconf 44' lang='lat' dir='ltr'>spatium</span> <span class='ocrx_word' id='word_1_213' title='bbox 871 2219 972 2249; x_wconf 83' lang='lat' dir='ltr'>unius</span> <span class='ocrx_word' id='word_1_214' title='bbox 983 2228 1099 2250; x_wconf 85' lang='lat' dir='ltr'>uersus</span> <span class='ocrx_word' id='word_1_215' title='bbox 1115 2219 1148 2249; x_wconf 78' lang='lat' dir='ltr'>in</span> <span class='ocrx_word' id='word_1_216' title='bbox 1161 2218 1192 2249; x_wconf 93' lang='grc' dir='ltr'><em>Ο</em></span> <span class='ocrx_word' id='word_1_217' title='bbox 1203 2218 1297 2250; x_wconf 78' lang='lat' dir='ltr'>titulo</span> <span class='ocrx_word' id='word_1_218' title='bbox 1313 2221 1426 2250; x_wconf 83' lang='lat' dir='ltr'>tamen</span> 
     </span>
     <span class='ocr_line' id='line_1_30' title="bbox 101 2271 212 2295; baseline 0 0"><span class='ocrx_word' id='word_1_219' title='bbox 101 2271 212 2295; x_wconf 80' lang='lat' dir='ltr'>carens</span> 
     </span>
    </p>
   </div>
   <div class='ocr_carea' id='block_1_10' title="bbox 102 2332 1427 2419">
    <p class='ocr_par' dir='ltr' id='par_1_18' title="bbox 102 2332 1427 2419">
     <span class='ocr_line' id='line_1_31' title="bbox 145 2332 1427 2375; baseline 0 -11"><span class='ocrx_word' id='word_1_220' title='bbox 145 2335 164 2357; x_wconf 89' lang='lat'><strong>*</strong></span> <span class='ocrx_word' id='word_1_221' title='bbox 187 2333 245 2365; x_wconf 77' lang='lat' dir='ltr'>Sic</span> <span class='ocrx_word' id='word_1_222' title='bbox 253 2334 339 2365; x_wconf 89' lang='lat' dir='ltr'>em&#39;m</span> <span class='ocrx_word' id='word_1_223' title='bbox 352 2333 614 2366; x_wconf 82' lang='lat' dir='ltr'>monstrantibus</span> <span class='ocrx_word' id='word_1_224' title='bbox 628 2333 761 2366; x_wconf 83' lang='lat' dir='ltr'>Elmero</span> <span class='ocrx_word' id='word_1_225' title='bbox 773 2334 903 2366; x_wconf 80' lang='lat' dir='ltr'>Mern&#39;ll</span> <span class='ocrx_word' id='word_1_226' title='bbox 916 2337 946 2366; x_wconf 85' lang='lat' dir='ltr'>et</span> <span class='ocrx_word' id='word_1_227' title='bbox 960 2333 1000 2367; x_wconf 83' lang='lat' dir='ltr'>E.</span> <span class='ocrx_word' id='word_1_228' title='bbox 1011 2333 1052 2366; x_wconf 88' lang='grc' dir='ltr'>Β.</span> <span class='ocrx_word' id='word_1_229' title='bbox 1064 2332 1239 2367; x_wconf 82' lang='lat' dir='ltr'>Niclwlson</span> <span class='ocrx_word' id='word_1_230' title='bbox 1256 2344 1347 2367; x_wconf 85' lang='lat' dir='ltr'>nunc</span> <span class='ocrx_word' id='word_1_231' title='bbox 1358 2333 1427 2375; x_wconf 81' lang='lat' dir='ltr'>lego</span> 
     </span>
     <span class='ocr_line' id='line_1_32' title="bbox 102 2375 612 2419; baseline 0.002 -11"><span class='ocrx_word' id='word_1_232' title='bbox 102 2375 192 2419; x_wconf 77' lang='lat' dir='ltr'>quod</span> <span class='ocrx_word' id='word_1_233' title='bbox 201 2377 236 2409; x_wconf 78' lang='lat' dir='ltr'>in</span> <span class='ocrx_word' id='word_1_234' title='bbox 254 2376 284 2408; x_wconf 90' lang='lat' dir='ltr'><strong><em>G</em></strong></span> <span class='ocrx_word' id='word_1_235' title='bbox 297 2380 327 2409; x_wconf 89' lang='lat' dir='ltr'>et</span> <span class='ocrx_word' id='word_1_236' title='bbox 342 2375 373 2408; x_wconf 90' lang='grc' dir='ltr'><em>Ο</em></span> <span class='ocrx_word' id='word_1_237' title='bbox 386 2377 542 2419; x_wconf 60' lang='lat' dir='ltr'>scriptum</span> <span class='ocrx_word' id='word_1_238' title='bbox 557 2380 612 2410; x_wconf 82' lang='lat' dir='ltr'>est.</span> 
     </span>
    </p>
   </div>
   <div class='ocr_carea' id='block_1_11' title="bbox 145 2432 1338 2464">
    <p class='ocr_par' dir='ltr' id='par_1_19' title="bbox 145 2432 1338 2464">
     <span class='ocr_line' id='line_1_33' title="bbox 145 2432 1338 2464; baseline 0.002 -2"><span class='ocrx_word' id='word_1_239' title='bbox 145 2440 285 2463; x_wconf 73' lang='grc' dir='ltr'>εΑτνιι.</span> <span class='ocrx_word' id='word_1_240' title='bbox 1321 2432 1338 2464; x_wconf 90' lang='grc'>1</span> 
     </span>
    </p>
   </div>
  </div>
 </body>
</html>
