1650 2684
1043 112 1286 152 CARMEN
1317 111 1453 151 LXIV

123 228 318 279 fluctibus,
349 228 390 270 in
419 229 525 270 flauo
553 241 672 281 saepe
699 226 856 281 hospite
885 226 1172 280 suspirantem!

122 302 292 347 quantos
321 293 387 334 illa
415 293 504 335 tulit
532 293 734 345 languenti
763 294 883 332 corde
911 292 1097 332 timores!

123 367 273 411 quanto
301 372 420 414 saepe
447 358 572 410 magis
601 360 751 410 fulgore
779 357 966 410 expalluit
994 357 1101 397 auri!
1391 372 1455 396 100

122 438 214 465 curn
243 438 407 464 saeuum
436 423 600 476 cupiens
629 430 768 463 contra
796 423 1039 462 contendere
1067 430 1289 462 monstrum

121 498 189 530 aut
217 498 386 530 mortem
413 497 616 541 appeteret
645 490 826 528 Theseus
854 495 923 528 aut
951 488 1127 539 praemia
1153 488 1295 528 laudis.

122 549 381 606 non'ingrata
408 562 543 594 tamen
571 554 711 593 frustra
739 555 977 592 munuscula
1003 553 1108 593 diuis

121 620 354 672 promittens
382 620 503 661 tacito
532 619 739 660 succendit
767 627 862 659 uota
890 619 1046 659 labello.

122 701 214 727 nam
243 688 352 727 uelut
379 686 421 726 in
450 699 608 726 summo
636 685 880 737 quatientem
911 685 1073 724 brachia
1101 687 1235 725 Tauro
1392 703 1452 734 105

121 766 325 804 quercum,
352 759 421 791 aut
449 751 675 803 conigeram
704 751 863 791 sudanti
892 751 1039 791 cortice
1069 751 1220 802 pinum,

122 817 338 856 indomitus
366 817 484 856 turbo
512 824 780 868 contorquens
808 816 969 856 flamine
996 817 1126 865 robur,

121 882 220 922 eruit
249 881 332 935 (illa
359 883 498 933 procul
526 882 712 922 radicitus
742 882 947 922 exturbata

120 960 245 999 prona
272 946 390 995 cadit,
420 948 499 986 late
526 946 866 998 quaeuiscumque
894 946 1015 986 obuia
1042 946 1254 999 frangens),

121 1013 176 1058 sic
204 1012 358 1064 domito
386 1025 550 1051 saeuum
580 1012 790 1064 prostrauit
817 1025 983 1064 corpore
1011 1014 1192 1052 Theseus
1393 1029 1453 1052 110

121 1077 362 1129 nequiquam
391 1076 505 1117 uanis
533 1076 745 1117 iactantem
775 1090 925 1117 cornua
953 1077 1093 1116 uentis.

120 1142 213 1182 inde
241 1142 387 1193 pedem
416 1154 552 1194 sospes
581 1143 706 1182 multa
734 1155 826 1181 cum
855 1142 974 1181 laude
1002 1142 1151 1182 reflexit

120 1207 342 1247 errabunda
369 1219 508 1258 regens
536 1206 645 1246 tenui
674 1206 840 1258 uestigia
868 1207 947 1254 filo,

120 1285 171 1312 ne
197 1270 454 1322 labyrintheis
482 1285 505 1311 e
532 1271 699 1311 flexibus
727 1270 995 1322 egredientem

119 1336 213 1377 tecti
241 1337 489 1376 frustraretur
517 1336 819 1376 inobseruabilis
849 1349 965 1377 error.
1392 1353 1451 1387 115

119 1403 191 1441 sed
218 1401 315 1453 quid
343 1414 419 1452 ego
445 1415 470 1442 a
496 1401 626 1453 primo
653 1401 851 1452 digressus
880 1401 1055 1442 carmine
1082 1404 1195 1454 plura

119 1480 439 1515 commemorem,
470 1473 514 1506 ut
541 1467 726 1518 linquens
753 1466 940 1518 genitoris
970 1467 1049 1507 filia
1077 1469 1245 1516 uultum,

120 1538 163 1571 ut
191 1530 511 1583 consanguineae
538 1533 806 1582 complexum,
834 1539 877 1571 ut
906 1531 1081 1583 denique
1110 1533 1257 1582 matris,

165 1647 228 1669 100
261 1636 392 1669 fuluore
422 1635 560 1675 Riechl,
594 1634 687 1676 quod
711 1634 911 1668 uocabulum
942 1635 981 1667 de
1010 1646 1095 1668 auro
1125 1641 1324 1678 usurpatum
1354 1642 1401 1670 est
1430 1650 1451 1670 a

121 1679 290 1713 Tiberiano
306 1683 401 1722 poeta
424 1689 504 1712 saec.
529 1680 562 1711 iv
585 1678 768 1721 (Baehrens
790 1678 897 1710 PLM
915 1678 980 1711 III.
995 1684 1031 1720 p.
1050 1680 1155 1722 266):
1178 1679 1291 1712 lurore
1309 1681 1453 1713 Bochart

121 1733 183 1755 102
225 1725 350 1756 motem
376 1722 411 1754 R
527 1726 709 1763 appeteret
747 1722 778 1753 Ο
809 1722 895 1753 sicut
921 1723 1088 1755 maluerat
1121 1722 1309 1756 Mara'lius:
1347 1735 1451 1766 oppe-

118 1771 207 1799 teret
222 1770 267 1799 n:
290 1771 381 1808 opet.
395 1766 433 1798 D
534 1776 596 1806 104
618 1765 799 1806 suspendit
811 1765 858 1797 ed.
872 1766 1106 1807 antiquissima
1121 1777 1201 1799 saec.
1217 1778 1277 1800 xv:
1301 1769 1452 1809 succepit

118 1809 250 1842 staturas
351 1811 413 1842 106
433 1810 645 1851 cornigeram
663 1812 691 1840 Ω
779 1808 934 1841 fundanii
958 1809 1021 1849 011,
1043 1809 1073 1841 G
1096 1821 1141 1842 m.
1164 1814 1218 1850 pr.
1244 1814 1283 1843 ut
1303 1811 1452 1843 Bonneto

118 1853 230 1885 ursum
250 1857 318 1886 est:
345 1855 476 1886 nutanti
497 1852 711 1885 Mitscherlnkh
848 1862 908 1892 107
934 1853 1133 1884 indomitum
1156 1851 1192 1883 D
1280 1855 1379 1886 turbo
1400 1858 1450 1887 n:

117 1897 237 1929 turben
257 1896 406 1938 Spengel,
420 1901 459 1929 ut
481 1898 653 1937 referretur
671 1895 720 1929 ad
739 1896 951 1936 indomitum,
966 1906 1043 1927 cum
1061 1895 1199 1928 Seruius
1218 1896 1268 1928 ad
1287 1898 1372 1930 Aen.
1391 1898 1448 1932 vii.

116 1941 181 1980 378
195 1941 351 1981 scripserit
364 1940 516 1973 Catullus
533 1941 598 1973 hoc
607 1941 729 1972 turben
743 1940 825 1972 dicit
840 1944 877 1971 ut
893 1940 959 1971 hoc
972 1949 1109 1970 carmen
1202 1941 1263 1972 108
1282 1942 1451 1973 radicibus

116 1981 262 2016 BLa¹ha
422 1994 485 2024 109
517 1984 585 2016 late
611 1985 752 2024 quaeuis
783 1994 926 2024 cumque
957 1982 1074 2014 conieci
1098 1983 1133 2013 in
1166 1982 1338 2026 Philologo
1367 1986 1454 2016 anni

120 2027 204 2066 1890
222 2031 258 2068 p.
290 2037 355 2067 170
380 2031 411 2059 et
433 2027 537 2061 class.
564 2028 694 2060 Review
720 2026 863 2059 eiusdem
895 2027 982 2059 anni
1003 2031 1039 2068 p.
1070 2036 1144 2066 311,
1165 2030 1243 2068 post
1273 2038 1326 2059 me
1358 2038 1451 2060 anno

120 2072 203 2110 1895
231 2069 377 2102 Vahlen:
408 2070 544 2111 lateque
561 2081 637 2103 cum
654 2071 740 2111 (tum
766 2070 818 2102 G:
842 2070 994 2102 tumiD:
1027 2079 1104 2102 eum
1126 2069 1174 2111 B)
1197 2070 1270 2102 eius
1292 2074 1342 2103 n:
1365 2072 1449 2103 late-

116 2123 183 2153 que
205 2118 239 2144 et
262 2114 415 2145 cominus
433 2118 468 2155 p,
499 2115 620 2155 uulgo:
655 2114 724 2146 late
749 2124 816 2154 qua
848 2119 901 2146 est
934 2115 1081 2155 impetus
1114 2112 1280 2146 Lachm.:
1314 2114 1449 2155 lateque

117 2157 244 2188 comeis
274 2156 344 2188 obit
374 2155 501 2188 Mum-o
555 2157 724 2190 Distracta
755 2157 913 2189 uidentur
933 2157 1043 2197 fuisse
1072 2167 1159 2197 quae
1192 2157 1244 2189 uis
1271 2168 1346 2189 cum
1369 2169 1446 2198 que,

116 2199 189 2230 dein
218 2199 326 2231 Iocum
355 2203 503 2231 mutasse
525 2210 613 2240 quae
637 2211 713 2232 cum
738 2210 816 2241 que.
834 2201 897 2236 uis,
928 2212 1010 2232 mox
1036 2201 1070 2232 in
1102 2211 1189 2240 quae
1226 2211 1301 2232 cum
1315 2201 1368 2244 lle
1396 2202 1449 2233 uis

116 2243 234 2276 abiisse
327 2243 428 2275 obuia
455 2242 631 2276 OBLaun:
657 2244 770 2276 omnia
798 2243 843 2276 al.
872 2244 972 2276 obuia
999 2243 1150 2275 GRWn:
1182 2246 1298 2276 omnia
1327 2243 1449 2277 AcDa

120 2296 179 2317 111
213 2296 258 2318 ne
295 2286 476 2326 quidquam
523 2287 621 2318 nauis
650 2287 682 2319 Ο
862 2298 924 2327 114
954 2287 1177 2319 laberintheis
1209 2287 1322 2320 GCD:
1358 2288 1447 2319 labe-

117 2329 279 2369 rientheis
309 2328 366 2360 R:
401 2329 600 2362 laberinthis
637 2329 668 2361 Ο
822 2332 883 2362 116
905 2342 926 2362 a
955 2331 1065 2372 primo
1096 2341 1140 2362 a:
1167 2341 1242 2363 cum
1266 2331 1374 2372 primo
1398 2335 1446 2362 n:

118 2373 153 2404 in
174 2374 283 2415 primo
300 2373 321 2404 h
337 2377 367 2405 et
382 2373 843 2415 Carpentoractensrlsfortasse
858 2379 932 2406 recte
1019 2375 1202 2414 degressus
1216 2375 1384 2407 Baehrens

1320 2434 1359 2468 6*
