1592 2664
198 120 438 159 CATVLLI

198 225 270 265 nisi
301 226 522 276 impudicus
550 233 588 265 et
617 239 735 266 uorax
763 234 802 266 et
829 228 926 274 aleo,

199 293 437 330 Mamurram
467 291 611 331 habere
638 293 746 342 quod
776 292 942 332 Comata
971 291 1097 331 Gallia

197 355 367 394 habebat
396 354 502 394 uncti
531 362 570 394 et
598 354 735 394 ultima
764 354 993 394 Britannia?

197 419 359 458 cinaede
389 419 559 458 Romule
587 420 684 457 haec
713 418 866 458 uidebis
894 426 932 457 et
961 419 1088 458 feres?
1485 435 1504 468 5

196 490 235 522 et
263 483 326 521 ille
355 495 460 521 nunc
488 482 678 532 superbus
706 489 745 521 et
772 483 1014 532 superfluens

197 546 481 597 perambulabit
510 545 686 585 omnium
716 545 870 594 cubilia,

197 617 239 648 ut
267 610 420 649 albulus
449 609 656 648 columbus
684 616 751 648 aut
780 611 999 649 Adoneus?

197 674 360 713 cinaede
390 675 560 712 Romule
588 674 685 712 haec
713 673 867 713 uidebis
895 682 933 713 et
962 674 1090 713 feres?

197 750 238 776 es
267 736 488 787 impudicus
516 743 554 776 et
583 750 702 775 uorax
730 744 768 776 et
795 738 892 776 aleo.
1469 752 1509 777 ιο

197 813 297 839 eone
325 799 496 846 nomine,
527 799 736 850 imperator
764 800 888 847 unice,

197 864 302 904 fuisti
331 863 370 903 in
399 862 536 903 ultima
564 863 780 903 occidentis
808 863 943 911 insula,

197 935 240 968 ut
268 927 340 967 ista
368 934 499 967 uostra
526 926 707 967 diffututa
734 929 907 967 mentula

197 991 401 1031 ducenties
428 998 622 1030 comesset
649 998 716 1030 aut
744 990 978 1031 trecenties?

198 1055 294 1106 quid
322 1062 380 1095 est
407 1054 487 1094 alid
515 1054 669 1094 sinistra
696 1054 934 1094 liberalitas?
1468 1069 1506 1103 15

198 1132 334 1170 parum
362 1112 576 1169 expatfauit
603 1131 654 1156 an
682 1131 819 1169 parum
847 1119 1012 1158 elluatus
1039 1119 1128 1158 est?

198 1190 358 1234 paterna
376 1182 500 1233 prima
527 1181 723 1221 lancinata
749 1188 840 1221 sunt
868 1181 1000 1231 bona3

199 1247 371 1286 secunda
399 1246 543 1297 praeda
572 1245 746 1294 Pontica,
775 1244 869 1285 inde
896 1245 1008 1285 tertia

201 1310 362 1358 Hibera,
392 1322 509 1360 quam
539 1308 611 1348 scit
638 1308 765 1348 amnis
792 1308 932 1349 aurifer
958 1311 1101 1360 Tagus.

199 1376 335 1416 †hunc
364 1373 490 1414 Gallie
519 1373 629 1413 timet
657 1381 696 1413 et
725 1373 967 1414 Britannie.†
1466 1389 1509 1412 πο

199 1438 295 1489 quid
323 1439 428 1477 hunc
457 1439 602 1476 malum
631 1436 801 1476 fouetis?
835 1446 902 1476 aut
930 1437 1026 1488 quid
1054 1436 1119 1476 hic
1147 1443 1275 1488 potest

200 1501 274 1541 nisi
302 1508 420 1541 uncta
447 1502 636 1542 deuorare
665 1499 926 1552 patrimonia?

242 1614 263 1644 3
287 1603 373 1635 Plin.
391 1602 435 1635 H.
449 1602 490 1634 N.
506 1603 621 1634 xxxvi.
633 1602 675 1642 48
690 1602 744 1634 hic
761 1612 904 1642 namque
917 1607 970 1634 est
987 1602 1155 1634 Mamurra
1166 1600 1289 1633 Catulli
1300 1601 1510 1634 Veronensis

201 1646 403 1679 carminibus
425 1646 622 1686 proscissus,
646 1655 757 1686 quem,
776 1650 812 1677 ut
835 1655 890 1676 res
913 1650 976 1685 est,
995 1646 1112 1677 domus
1137 1645 1244 1685 ipsius
1266 1644 1386 1676 clarius
1432 1654 1508 1676 unm

200 1688 352 1722 Catullus
381 1688 464 1720 dixit
490 1688 614 1719 habere
641 1688 801 1728 quidquid
829 1688 1002 1720 habuisset
1024 1687 1164 1719 Comata
1186 1686 1304 1719 Gallia.
1440 1697 1508 1719 nm·

201 1741 344 1764 murram
363 1730 407 1762 C:
432 1741 507 1763 nam
525 1741 669 1762 murram
690 1734 717 1762 Ω
845 1741 864 1770 4
887 1731 978 1763 uncti
993 1730 1161 1762 Faernus:
1184 1739 1259 1761 cum
1274 1735 1309 1761 te
1327 1732 1354 1760 Ω
1429 1735 1508 1762 ante

199 1774 328 1807 Statius
483 1784 501 1814 7
525 1773 768 1814 perambulauit
791 1777 832 1814 Ω,
848 1784 924 1806 corr.
950 1783 971 1804 α
1132 1772 1154 1803 8
1175 1771 1337 1804 Adoneus
1357 1770 1509 1804 Statius:

155 1832 161 1839 ·
199 1818 355 1858 ydoneus
380 1816 486 1849 GOa:
512 1816 654 1848 idoneus
670 1816 772 1848 RVen
788 1817 987 1859 etplen'que:
1020 1815 1101 1848 haut
1120 1815 1262 1847 idoneus
1279 1813 1398 1856 Sn'llq'g:
1427 1814 1508 1846 haut

201 1860 333 1891 idonius
360 1859 490 1897 malim,
517 1863 579 1899 pro
603 1860 827 1900 compamtu‘uo
853 1857 1071 1900 aoeipt'endum
1228 1867 1267 1897 13
1290 1862 1404 1889 uoetrn
1431 1857 1509 1889 Da:

202 1907 316 1934 nostra
337 1905 363 1933 Ω
451 1902 608 1934 diffututa
634 1901 671 1933 D
695 1901 852 1934 Caesena-5
872 1906 902 1934 et
921 1912 999 1933 corr.
1025 1900 1077 1933 B:
1106 1900 1263 1933 diffutura
1279 1903 1326 1932 n:
1357 1900 1509 1932 defututa

203 1945 338 1978 Lachm.
488 1955 525 1984 ¹4
548 1949 697 1977 eomeset
728 1944 778 1977 G:
814 1949 967 1977 comeset
993 1944 1171 1986 (suprascr.
1197 1945 1229 1984 s)
1255 1943 1311 1975 R:
1343 1947 1510 1975 comesset

203 1989 235 2020 Ο
376 1997 414 2027 15
436 1987 503 2020 alid
520 1987 668 2020 Statius:
691 1987 749 2020 alit
771 1991 821 2019 n:
843 1987 890 2019 ait
912 1986 968 2019 Da
1115 1987 1155 2018 16
1175 1985 1324 2027 expatr.]
1348 1985 1386 2025 ql
1405 1995 1508 2026 expa-

201 2031 302 2063 trauit
323 2030 512 2062 ἐπετέλεσεν
537 2030 634 2062 Goets
653 2030 743 2063 Thes.
764 2029 866 2062 Gloss.
884 2040 916 2070 p.
934 2029 999 2069 416
1147 2038 1185 2068 17
1209 2029 1316 2069 prima
1336 2027 1384 2060 ed.
1405 2027 1506 2059 Trione.

201 2074 365 2106 Auantii:
388 2074 530 2114 primum
548 2076 574 2105 Ω
716 2083 756 2113 19
778 2073 883 2105 libera
907 2073 939 2105 Ο
1023 2081 1122 2112 quem
1145 2071 1251 2103 Paris.
1270 2070 1356 2112 7989
1369 2074 1399 2102 ee
1413 2068 1506 2102 Bodl.

201 2115 275 2148 Lat.
299 2116 402 2149 Class.
419 2127 444 2149 e.
466 2126 504 2157 15
585 2116 647 2148 scit
667 2115 719 2147 O:
741 2116 783 2147 sit
799 2119 826 2147 Ω
905 2114 995 2147 amni
1010 2115 1104 2153 (anni
1118 2113 1287 2156 CLa¹)n:
1304 2113 1401 2146 annis
1412 2112 1506 2145 8011.

202 2158 276 2191 Lat.
297 2159 397 2191 Class.
415 2170 438 2191 e.
457 2169 497 2200 15
628 2169 671 2190 πο
691 2159 736 2190 se‘c
749 2161 799 2190 n:
821 2158 939 2190 timete
961 2157 1102 2197 Galliae,
1117 2157 1206 2188 hunc
1229 2156 1309 2188 time
1333 2155 1508 2188 Britannia

201 2202 342 2240 Haupt:
372 2207 405 2234 et
437 2203 558 2234 huicne
588 2200 695 2233 Gallia
729 2205 764 2232 et
792 2205 896 2232 metet
929 2200 1120 2232 Britannia?
1152 2199 1295 2231 Mamm
1331 2198 1510 2238 sciuntque

202 2245 331 2277 Galliae
357 2246 504 2278 ultimam
532 2249 566 2276 et
597 2243 792 2276 Britanniae
818 2243 914 2275 Birt:
937 2243 1018 2284 sort.
1050 2242 1162 2274 Ruina
1191 2242 1320 2274 Galliae
1348 2245 1412 2281 est,
1443 2241 1509 2272 erit

202 2287 431 2363 BritagrgaeV
468 2297 611 2363 com-4
639 2290 713 2329 pose
743 2296 783 2319 ιο
804 2285 1035 2329 trun-§ponebat
1056 2284 1244 2317 Mommsen
1305 2312 1311 2318 .
1371 2292 1411 2316 οι
1436 2282 1507 2325 hie]

202 2331 280 2363 hinc
363 2331 396 2363 R
427 2340 464 2363 en
