1682 2690
1050 107 1294 147 CARMEN
1325 105 1518 145 LXXXV

726 266 917 304 LXXXV

185 348 269 388 Om
299 355 338 387 et
366 361 483 388 amo:
520 361 642 399 quare
670 346 711 387 id
740 347 894 394 faciam,
924 347 1090 386 fortasse
1118 344 1293 397 requiris.

238 412 384 461 nescio,
416 413 486 452 sed
516 411 598 451 fieri
627 411 756 452 sentio
784 418 823 451 et
852 410 1064 451 excrucior.

717 522 931 561 LXXXVI

183 607 370 656 QleTm
398 607 570 646 formosa
598 612 659 645 est
687 604 833 653 multis,
850 603 961 655 -mihi
990 603 1172 651 candida,
1203 604 1331 655 longa,

235 679 342 718 recta
369 679 451 712 est:
490 664 589 710 ha'ec
617 685 691 723 ego
719 670 776 710 sic
805 669 958 721 singula
985 670 1187 710 confiteor.

182 746 310 777 totum
339 737 437 777 illud
466 738 638 776 formosa
666 749 793 787 nego:
831 749 924 774 nam
954 736 1063 774 nulla
1090 742 1289 783 uenustas,

235 803 344 841 nulla
372 801 412 840 in
441 808 522 840 tam
551 814 696 852 magno
725 808 785 840 est
813 813 978 852 corpore
1006 799 1109 839 mica
1137 799 1239 839 salis.

183 866 328 907 Lesbia
356 868 529 906 formosa
557 873 625 914 est,
657 879 761 917 quae
789 879 882 905 cum
911 865 1147 916 pulcerrima
1174 872 1258 904 tota
1286 872 1357 913 est,
1493 883 1512 914 5

235 939 319 971 tum
348 932 535 971 omnibus
563 944 643 970 una
670 930 802 971 omnis
828 929 1013 982 surripuit
1040 932 1227 970 Veneres.

694 1041 933 1080 LXXXVII

179 1125 327 1164 NVLLA
355 1131 485 1176 potest
514 1122 654 1163 muh‘er
681 1130 836 1162 tantum
866 1136 908 1162 se
936 1121 1069 1162 dicere
1095 1127 1269 1161 amatam

231 1203 335 1237 uere,
366 1196 559 1240 quantum
588 1202 613 1227 a
640 1201 704 1227 me
733 1187 878 1227 Lesbia
906 1194 1038 1226 amata
1066 1200 1155 1226 mea
1182 1200 1236 1227 es.

178 1255 286 1294 nulla
314 1255 413 1294 fides
441 1255 552 1293 nullo
579 1253 652 1292 fuit
681 1266 871 1304 umquam
899 1251 941 1291 in
969 1253 1129 1292 foedere
1157 1259 1276 1299 tanta,

231 1326 379 1370 quanta
407 1317 448 1357 in
476 1331 612 1358 amore
639 1325 709 1357 tuo
737 1331 786 1357 ex
812 1324 923 1368 parte
951 1323 1104 1369 reperta
1131 1330 1221 1357 mea
1247 1323 1318 1357 est.

682 1428 943 1467 LXXXVIII

177 1512 291 1561 va
320 1509 412 1550 facit
441 1509 484 1558 is,
516 1508 630 1558 Gelli,
661 1508 730 1560 qui
759 1522 851 1548 cum
880 1515 1004 1548 matre
1031 1515 1151 1560 atque
1179 1521 1313 1548 sorore

229 1576 351 1628 prurit
379 1583 419 1616 et
446 1575 609 1616 abiectis
638 1574 843 1626 peruigilat
872 1573 1044 1614 tunicis?

220 1680 384 1711 LXXXV
407 1691 482 1712 cum
504 1678 696 1711 LXXXIV
714 1679 907 1711 continuant
929 1681 967 1716 Ω,
995 1677 1086 1710 nullo
1107 1678 1213 1719 spattb
1239 1678 1344 1710 relicto
1489 1689 1502 1710 1

175 1734 251 1765 amq
268 1726 444 1764 (suprascr.
463 1725 498 1762 o)
517 1723 623 1755 RVen
758 1733 778 1753 2
801 1722 879 1764 sed]
898 1722 926 1754 si
944 1721 996 1753 Oh

220 1767 403 1799 LXXXVI
435 1778 510 1798 cum
523 1765 706 1797 -LXXXV
725 1767 919 1797 continuant
946 1768 984 1806 Ω,
1012 1765 1103 1797 nullo
1124 1766 1229 1807 spatio
1252 1766 1354 1797 relicto
1485 1776 1505 1797 2

176 1811 259 1843 haec
276 1821 349 1851 ego,
367 1811 395 1842 si
411 1810 555 1851 singula,
575 1810 741 1842 confiteor
756 1809 943 1841 Markland
1006 1809 1035 1840 si
1055 1809 1369 1850 Carpentoraaensss
1384 1810 1506 1840 omisso

176 1865 242 1894 ego
380 1855 403 1885 6
425 1854 536 1886 omnis
553 1853 607 1885 0:
635 1863 755 1885 omnes
777 1853 806 1884 G
824 1857 854 1884 et
870 1853 1014 1894 plerique
1037 1875 1040 1877 -
1101 1852 1230 1892 subrip.
1251 1852 1339 1884 ODlz
1360 1852 1501 1891 Quintil.

177 1897 259 1929 Inst.
281 1897 376 1929 Orat.
394 1897 453 1930 vl.
475 1907 508 1937 3.
536 1898 575 1928 18
600 1897 687 1928 Nam
711 1902 746 1928 et
773 1897 894 1928 Cicero
914 1907 1015 1928 omne
1033 1898 1123 1936 quod
1144 1895 1268 1927 salsum
1289 1896 1332 1927 sit
1352 1896 1400 1927 ait
1427 1906 1505 1928 esse

175 1940 377 1980 Atticorum,
400 1951 467 1972 non
495 1941 573 1982 quia
595 1945 674 1973 sunt
700 1940 847 1972 maxime
872 1941 915 1972 ad
942 1940 1047 1971 risum
1074 1939 1265 1980 compositi,
1292 1944 1328 1971 et
1350 1939 1506 1971 Catullus

176 1995 252 2015 cum
278 1985 359 2016 dicit
387 1983 507 2016 ‘Nulla
528 1989 581 2016 est
605 1985 639 2016 in
672 1993 814 2025 corpore
842 1984 927 2015 mica
952 1983 1053 2015 salis'
1079 1994 1146 2015 non
1172 1983 1236 2015 hoc
1258 1983 1340 2015 dicit
1361 1983 1445 2014 nihil
1469 1982 1504 2014 in

177 2037 320 2068 corpore
336 2028 411 2059 eius
425 2038 503 2059 esse
519 2027 694 2059 ridiculum

221 2070 419 2102 LXXXVII
443 2082 521 2103 cum
538 2070 729 2102 LXXXVI
740 2071 934 2103 continuant
952 2073 990 2110 Ω,
1010 2071 1098 2102 nullo
1120 2070 1224 2112 spatio
1242 2070 1344 2102 relicto
1489 2080 1502 2101 1

177 2114 305 2156 potest]
324 2124 413 2155 pone
432 2115 462 2146 G
563 2125 584 2146 2
607 2125 645 2147 es
659 2114 826 2156 Scaliger:
850 2120 904 2146 est
919 2117 946 2145 Ω
1043 2125 1064 2154 3
1088 2113 1195 2155 nulla]
1213 2113 1306 2155 nu119
1324 2114 1504 2156 (suprascr.

176 2158 212 2194 a)
228 2157 263 2188 R
343 2158 452 2200 nullo]
466 2157 502 2189 D
516 2157 655 2190 Lachm.
668 2169 676 2189 ε
701 2157 770 2190 ullo
785 2161 812 2189 Ω
901 2159 934 2189 in
952 2157 1028 2190 add.
1042 2158 1206 2199 Doen'ng:
1230 2169 1296 2191 om.
1309 2161 1336 2189 Ω
1411 2162 1506 2189 tanta

176 2200 233 2232 Da
248 2211 256 2232 ε
279 2206 372 2233 tanto
389 2204 416 2232 Ω
504 2201 586 2233 Post
599 2212 619 2241 4
631 2201 718 2234 Scal.
732 2202 874 2243 ponebat
885 2200 990 2232 LXX
992 2201 1024 2232 V
1028 2212 1116 2233 nunc
1133 2206 1185 2233 est
1202 2211 1297 2233 mens
1313 2226 1321 2234 .
1341 2226 1348 2233 .
1366 2225 1375 2234 .
1393 2201 1507 2234 omnia

176 2244 206 2275 si
222 2244 346 2279 facias:
369 2255 466 2285 quem
476 2244 622 2286 plerique
635 2246 736 2276 secuti
747 2249 827 2277 sunt

222 2287 439 2319 LXXXVIII
463 2298 539 2320 cum
555 2287 766 2320 LXXXVII
777 2289 972 2320 continuant
985 2292 1023 2328 Ω,
1044 2289 1134 2319 nullo
1148 2289 1254 2329 spatio
1271 2289 1372 2320 relicto
1489 2298 1503 2319 1

177 2331 260 2372 saei}
277 2333 451 2373 (suprascr.
471 2333 499 2373 t)
516 2331 551 2362 R
639 2332 751 2364 furore
768 2332 802 2363 in
817 2342 937 2363 sorore
953 2336 1129 2364 correctum
1150 2332 1184 2363 R
1315 2342 1336 2363 2
1359 2331 1507 2374 prorurit

179 2374 232 2406 O:
262 2375 377 2415 prorui
394 2380 407 2407 t
424 2375 453 2407 C
463 2386 472 2406 ς
495 2375 625 2416 proruit
641 2379 707 2407 cett.
721 2386 728 2408 :
754 2385 838 2407 num
857 2375 1010 2416 prourit‘l
