1682 2690
258 151 499 192 CATVLLI

258 270 300 301 ut
329 261 490 301 missum
519 260 651 312 sponsi
681 259 825 300 furtiuo
853 272 1014 301 munere
1041 260 1187 300 malum

312 325 500 378 procurrit
528 333 636 365 casto
665 324 822 376 uirginis
850 338 872 364 e
899 324 1057 375 gremio,

257 390 366 440 quod
395 389 556 428 miserae
585 388 729 428 oblitae
758 387 865 427 molli
894 388 968 427 sub
995 394 1104 427 ueste
1131 389 1316 436 locatum,

312 454 407 492 dum
435 454 610 492 aduentu
639 451 770 491 matris
798 450 958 502 prosilit,
988 450 1205 491 excutitur:

256 523 375 566 atque
403 516 500 555 illud
527 529 653 567 prono
681 528 867 567 praeceps
894 513 1018 566 agitur
1045 515 1224 562 decursu,

312 579 404 619 huic
432 587 564 619 manat
591 579 688 620 tristi
717 579 899 620 conscius
926 591 993 620 ore
1021 578 1148 619 rubor.

815 688 947 726 LXVI

257 769 406 808 Omna
434 767 501 819 qui
530 766 660 819 magni
688 766 855 819 dispexit
882 766 1031 806 lumina
1059 766 1210 815 mundi,

311 831 378 882 qui
407 833 602 871 stellarum
632 838 738 870 ortus
766 830 956 882 comperit
982 837 1100 881 atque
1127 829 1269 876 obitus,

258 896 461 934 flammeus
489 901 532 934 ut
560 894 684 945 rapidi
712 894 805 934 solis
833 894 935 934 nitor
963 894 1202 941 obscuretur,

312 965 354 998 ut
382 959 525 998 cedant
554 958 668 998 certis
696 958 823 998 sidera
851 957 1103 1009 temporibus,

258 1030 301 1062 ut
329 1022 503 1062 Triuiam
532 1021 662 1062 furtim
691 1022 766 1061 sub
795 1021 948 1060 Latmia
975 1034 1066 1060 saxa
1093 1021 1268 1071 relegans

312 1086 438 1126 dulcis
466 1099 575 1126 amor
602 1085 684 1138 giro
711 1087 880 1126 deuoeet
906 1097 1047 1125 aereo:

259 1151 364 1191 idem
394 1164 456 1190 me
484 1150 549 1190 ille
577 1151 720 1190 Conon
748 1148 904 1189 caelesti
933 1148 1094 1188 numine
1121 1147 1221 1188 uidit

313 1229 335 1254 e
365 1214 582 1254 Beroniceo
610 1213 756 1253 uertice
783 1212 994 1253 caesariem

260 1279 472 1329 fulgentem
501 1279 612 1324 clare,
643 1290 762 1327 quam
791 1276 922 1316 multis
951 1276 1016 1315 illa
1043 1276 1205 1315 dearum

312 1341 416 1381 leuia
444 1342 681 1393 protendens
709 1339 868 1380 brachia
895 1339 1069 1392 pollicita
1095 1346 1164 1387 est,
1532 1354 1571 1378 ιο

260 1419 338 1456 qua
366 1418 431 1445 rex
458 1411 688 1456 tempestate
716 1417 823 1443 nouo
849 1410 988 1443 auctus
1015 1404 1235 1454 hymenaeo

314 1476 509 1508 uastatum
538 1467 626 1507 finis
654 1467 776 1507 iuerat
803 1467 992 1517 Assyrios

261 1532 391 1572 dulcia
418 1539 632 1573 nocturnae
660 1538 818 1582 portans
846 1529 1009 1581 uestigia
1036 1529 1149 1578 rixae,

314 1609 432 1647 quarn
461 1597 512 1635 de
539 1595 721 1647 uirgineis
748 1601 917 1646 gesserat
945 1593 1105 1634 exuuiis.

261 1669 372 1701 estne
399 1660 513 1700 nouis
541 1659 673 1711 nuptis
700 1659 795 1700 odio
822 1660 986 1699 Venus?
1023 1658 1143 1710 idque
1170 1664 1375 1709 parentum
1532 1672 1542 1695 ι
1550 1673 1569 1704 5

307 1763 416 1795 LXVI
440 1762 530 1794 Inter
548 1761 655 1803 LXV,
681 1760 751 1792 LX
753 1761 801 1793 VI
819 1761 1024 1793 interstitium
1046 1770 1114 1793 non
1135 1763 1182 1792 est
1201 1760 1235 1791 in
1261 1758 1415 1791 mdia-ibus
1554 1767 1567 1788 1

263 1807 411 1847 dispexit
427 1806 519 1847 Calp.
540 1805 618 1844 1481
636 1817 645 1836 t
667 1805 821 1845 despexit
837 1804 926 1836 codd.
1072 1813 1093 1835 a
1114 1802 1223 1835 obitus
1238 1802 1294 1833 Da
1337 1801 1439 1842 Apul.
1454 1799 1494 1831 de
1512 1800 1570 1831 deo

261 1849 407 1880 Socratis
425 1858 486 1880 120
500 1849 557 1888 qui
579 1848 750 1888 signorum
773 1852 867 1879 ortus
889 1851 923 1879 et
945 1847 1057 1879 obitus
1078 1846 1258 1886 comperit:
1286 1844 1373 1876 bitus
1388 1843 1422 1874 B
1435 1853 1479 1875 m.
1493 1848 1545 1884 pr.
1562 1854 1570 1874 ε

262 1892 393 1923 habitus
408 1894 435 1922 Ω
546 1900 566 1930 5
589 1891 652 1922 sub
670 1891 799 1922 Latmia
817 1890 906 1931 Calp.
928 1890 1007 1930 1481
1023 1901 1030 1920 :
1053 1889 1215 1920 sublamia
1229 1886 1283 1918 Bk
1298 1890 1328 1918 et
1341 1886 1448 1918 Pane.
1469 1886 1568 1926 7989:

262 1935 447 1966 sublamina
465 1933 512 1965 0:
535 1933 690 1965 sublimia
707 1933 748 1965 al.
768 1932 929 1964 sublamia
947 1932 991 1964 al.
1010 1931 1186 1971 sublimine
1201 1931 1375 1971 (suprascr.
1397 1929 1433 1969 a)
1450 1927 1548 1960 RVm
1563 1939 1571 1959 ε

263 1978 414 2008 sublimia
431 1977 460 2009 G
474 1981 503 2008 et
511 1976 652 2017 pleriqw
728 1975 877 2016 religans
891 1979 919 2006 Ω
1047 1977 1070 2006 6
1091 1974 1164 2014 giro
1179 1973 1227 2006 ed.
1243 1972 1475 2013 antiquis-uma
1488 1981 1566 2002 saec.

262 2030 306 2051 xv
320 2032 328 2051 ε
350 2019 521 2059 guioclero
534 2017 663 2050 GORA
669 2018 697 2050 C
710 2030 718 2050 :
741 2019 906 2058 guiodero
921 2017 978 2049 Vm
991 2028 999 2048 :
1015 2018 1161 2059 spaniam
1171 2026 1315 2047 uacuum
1328 2016 1362 2046 n'n
1372 2013 1408 2045 D
1451 2013 1570 2046 diuoln

253 2063 398 2102 sortasse
418 2071 524 2102 guro:
548 2062 636 2093 circo
657 2061 822 2093 Fmeklich
866 2093 869 2096 Α
978 2069 997 2100 7
1019 2070 1091 2101 sqq.
1114 2059 1221 2092 schot.
1243 2057 1347 2091 Arati
1364 2056 1487 2088 Pham.
1510 2057 1571 2096 146

264 2104 369 2136 Κόνων
392 2104 417 2136 δ’
439 2105 457 2135 ὁ
483 2102 697 2144 μαθηματικὸς
719 2102 908 2144 Πτολεμαίῳ
929 2102 1132 2144 χαριζόμενος
1154 2099 1319 2142 Βερονίκης
1348 2099 1514 2137 πλόκαμον
1536 2098 1570 2139 ἔξ

262 2147 361 2179 αὐτοῦ
375 2148 599 2189 κατηστέρισε·
614 2147 711 2179 τοῦτο
725 2146 786 2188 γὰρ
797 2145 1005 2186 Καλλίμαχός
1020 2157 1079 2177 που
1087 2144 1191 2219 ἵησὶν
1206 2143 1278 2176 Ἥδὲ
1297 2143 1331 2197 §f-
1349 2141 1444 2184 Τῆδε)
1461 2139 1571 2173 Κόνων

263 2190 295 2229 μ’
310 2190 450 2233 ἔβλεψεν
474 2190 508 2222 ἓν
529 2190 597 2230 ἠέρι
618 2191 676 2221 τὸν
696 2189 861 2230 Btporiaem
878 2187 1067 2230 Βόστρυχον
1106 2200 1123 2219 ν
1138 2186 1168 2219 τ’
1182 2187 1242 2228 ἄρα
1260 2197 1349 2226 neam
1365 2185 1463 2216 raam
1478 2184 1570 2225 1002«

263 2233 380 2265 θεοῖσιν
495 2244 513 2274 7
539 2233 675 2265 caelesti
691 2233 826 2264 numine
841 2235 868 2263 Ω
883 2243 892 2263 :
914 2232 1039 2264 lumine
1057 2231 1197 2263 Canter:
1219 2231 1252 2261 in
1269 2229 1393 2260 iumine
1412 2226 1493 2260 νοω
1504 2238 1514 2258 =
1536 2227 1569 2258 in

263 2276 408 2308 culmine
424 2275 556 2316 Maemy
641 2277 662 2307 8
685 2276 786 2307 ebore
801 2275 899 2306 niceo
914 2277 942 2306 Ω
1029 2274 1189 2306 cesariem
1208 2269 1433 2304 GOBLaem
1530 2278 1566 2300 11

262 2329 367 2360 quare
383 2321 483 2351 exn:
507 2329 585 2351 corr.
600 2319 648 2351 ed.
660 2318 776 2350 Parm.
794 2327 875 2358 1473
1028 2326 1068 2349 12
1088 2314 1223 2349 sicDa:
1245 2319 1375 2346 uastum
1392 2313 1469 2346 finis
1484 2312 1569 2344 ient

262 2362 416 2394 Assirios
430 2364 480 2393 n:
502 2362 617 2394 deficit
638 2372 746 2404 marg.
766 2360 862 2392 RVen
1002 2369 1053 2401 15,
1075 2361 1114 2391 16
1135 2361 1245 2390 extant
1263 2355 1357 2399 apud
1366 2354 1569 2388 Hemonam

263 2405 405 2438 Iudioem
430 2404 469 2435 de
490 2403 713 2446 Moneagnone
732 2403 816 2436 Pan
835 2403 890 2436 n'u'.
913 2403 946 2436 Gt
970 2412 992 2444 3
1013 2402 1064 2436 ed.
1084 2401 1152 2435 ven.
1171 2410 1254 2442 ¹505
1406 2407 1446 2438 ¹5
1467 2402 1570 2439 atque

264 2452 438 2490 parentum
457 2446 674 2480 Frustrantur
688 2446 782 2480 falsis
799 2444 887 2479 codd.
901 2451 932 2479 ct
945 2444 1171 2488 Montagnone
1222 2452 1311 2475 anne
1321 2447 1355 2485 p,
1374 2441 1474 2485 uulgo
