1592 2664
183 92 424 133 CATVLLI

285 214 335 241 ne
363 214 511 252 poenas
540 202 722 243 Nemesis
750 211 927 254 reposcat
953 217 978 244 a
1004 211 1053 244 te.
1445 223 1487 247 πο

284 272 343 304 est
370 267 584 307 uehemens
611 268 710 308 dea:
747 268 901 308 laedere
928 268 1031 308 hanc
1058 276 1207 309 caueto.

654 376 708 413 LI

284 455 383 492 ILLE
411 453 464 492 mi
493 467 561 504 par
588 467 673 494 esse
701 455 778 495 deo
805 454 971 503 uidetur,

282 517 355 565 ille,
387 516 418 556 si
447 518 503 557 sas
531 524 600 566 est,
631 530 811 568 superare
838 518 964 567 diuos,

281 580 349 631 qui
377 582 518 620 sedens
546 582 733 621 aduersus
762 581 977 623 identidem
1005 589 1044 623 te

386 651 535 695 spectat
563 652 601 684 et
628 644 737 685 audit

280 709 396 748 dulce
424 708 627 757 ridentem,
658 709 800 749 misero
828 711 937 761 quod
965 710 1093 750 omnis
1465 729 1484 762 5

280 772 392 823 eripit
419 786 556 813 sensus
585 773 704 812 mihi:
742 786 834 813 nam
862 773 976 813 simul
1005 781 1055 822 te,

279 836 437 886 Lesbia,
462 837 606 888 aspexi,
637 837 732 876 nihil
761 845 820 878 est
847 851 962 889 super
990 837 1044 877 mi

384 920 854 931 ........

278 954 409 1005 lingua
436 956 507 994 sed
535 962 672 1005 torpet,
702 954 830 994 tenuis
858 955 932 995 sub
959 963 1064 995 artus

278 1019 435 1057 flamma
463 1019 657 1066 demanat,
688 1018 818 1058 sonitu
847 1026 986 1070 suopte
1442 1036 1482 1060 10

276 1080 461 1120 tintinant
488 1094 610 1129 aureS,
641 1081 796 1132 gemina
824 1088 1005 1133 teguntur
1311 1075 1314 1078 ’

380 1145 528 1184 lumina
556 1152 681 1185 nocte.

674 1224 693 1245 *

275 1272 410 1320 otium,
439 1273 606 1321 Catulle,
635 1272 707 1312 tibi
735 1274 943 1313 molestum
972 1280 1054 1313 est:

273 1336 355 1376 otio
383 1338 550 1376 exsultas
578 1336 822 1388 nimiumque
849 1336 990 1388 gestis:

272 1400 413 1440 otium'
424 1408 463 1440 et
491 1414 599 1451 reges
627 1401 732 1452 prius
757 1408 796 1441 et
824 1401 957 1442 beatas
1437 1418 1476 1453 ¹5

379 1464 549 1515 perdidit
576 1465 701 1505 urbes.

208 1577 251 1599 σο
272 1577 314 1598 ne
339 1567 457 1599 messis
481 1570 508 1598 Ω
597 1571 752 1607 reposcat
777 1571 879 1610 (τωρ.
907 1567 953 1608 Ο)
978 1567 1062 1600 601·
1075 1577 1082 1599 ε
1116 1572 1257 1609 reponat
1281 1570 1347 1600 oete.
1434 1577 1472 1599 21

164 1610 348 1641 uehemens
363 1612 390 1640 Ω
404 1621 411 1640 :
437 1619 577 1642 ueniens
591 1609 720 1642 Statius

207 1652 251 1684 LI
275 1662 322 1684 Am
340 1661 488 1684 tesam!
505 1656 554 1684 n:
577 1653 723 1695 spatium
741 1652 841 1684 unius
856 1663 970 1685 uersus
983 1653 1017 1684 a'n
1030 1651 1062 1685 Ο
1151 1663 1165 1686 ι
1183 1653 1227 1685 mi
1303 1653 1412 1694 impar
1424 1653 1475 1686 G:

164 1695 243 1727 mihi
261 1695 369 1735 impar
381 1698 407 1726 Ω
423 1706 431 1727 :
446 1706 522 1727 corr.
537 1701 563 1737 p
646 1706 667 1736 3
692 1701 726 1727 te
742 1696 794 1727 hic
802 1696 955 1737 scnsptum
964 1696 1058 1728 habet
1069 1695 1110 1735 G,
1122 1695 1221 1728 sedin
1231 1707 1250 1735 4
1261 1699 1475 1736 antespecut

163 1740 190 1769 Ω
286 1748 306 1777 4
328 1748 390 1778 spe
427 1743 495 1769 ctat
512 1738 562 1770 G:
585 1743 749 1778 tespectat
765 1741 792 1769 Ω
880 1748 901 1778 5
924 1738 1048 1770 misero
1063 1739 1153 1779 quod
1168 1737 1197 1770 G
1209 1748 1251 1770 ex
1263 1748 1356 1779 corr„
1367 1737 1472 1771 Aca:

163 1780 352 1821 miseroque
370 1780 468 1812 ORB
479 1782 538 1822 (m.
547 1782 615 1822 pr.)
628 1780 716 1813 Lam
731 1792 739 1814 :
763 1780 951 1821 miseroque
966 1781 1010 1814 al.
1021 1781 1110 1821 quod
1125 1780 1190 1812 Ven
1261 1781 1283 1812 8
1304 1790 1371 1813 om.
1383 1780 1471 1812 codd.

162 1824 251 1863 quod
274 1824 391 1863 loquar
411 1833 527 1856 amens
550 1823 770 1855 Parthenius:
795 1825 886 1856 uocis
908 1824 943 1855 in
965 1834 1025 1855 ore
1040 1823 1205 1865 Dom‘rng:
1251 1827 1364 1855 utture
1380 1823 1474 1856 uocis

167 1865 347 1910 Westphal:
371 1866 466 1898 uocis
480 1872 517 1898 ut
533 1866 611 1898 olim
627 1866 680 1898 uel
692 1872 728 1898 ut
744 1871 824 1898 ante
839 1866 1004 1907 Schulhof
1059 1865 1206 1908 Longini
1271 1865 1366 1899 Subl.
1379 1865 1477 1898 codex

161 1908 344 1947 Fonteium,
361 1908 397 1940 in
420 1919 484 1949 quo
499 1913 585 1941 extat
598 1908 757 1951 Sapphus
771 1919 900 1941 camzen
919 1908 1009 1950 quod
1026 1909 1077 1940 lu'c
1097 1910 1189 1940 uenit
1210 1908 1361 1940 Catullus
1381 1908 1477 1941 habet

160 1950 1262 2036 nemaeum&
1274 1952 1477 2026 ‘ww

164 2005 383 2069 njiintinant
395 2037 451 2069 R:
473 2006 610 2070 ti7ntiant
627 2038 677 2070 0:
702 2037 861 2069 tintinnat
879 2036 1046 2069 GVenAc
1122 2018 1277 2078 geminae,
1291 2037 1397 2070 Schm
1465 2049 1474 2069 ε

160 2081 293 2121 gemina
310 2086 344 2112 et
359 2080 501 2123 Spengel
638 2091 676 2112 12
698 2081 824 2112 lumina
841 2079 950 2112 ODah
965 2091 973 2112 :
995 2080 1109 2112 limina
1125 2084 1152 2111 Ω
1282 2090 1341 2111 uu.
1368 2081 1474 2120 13-16

161 2125 221 2164 qui
247 2124 315 2155 sine
342 2123 447 2165 spatio
468 2126 621 2156 secuntur
644 2134 676 2155 u.
705 2133 743 2155 12
770 2124 804 2154 in
827 2122 981 2155 codicibus
1003 2123 1093 2155 nullo
1116 2121 1214 2155 modo
1235 2125 1374 2164 possunt
1396 2133 1472 2154 cum

159 2177 194 2197 eo
209 2167 377 2199 cohaerere.
426 2166 542 2208 Itaque
562 2166 706 2198 indicaui
721 2166 878 2198 lacunam
968 2176 1006 2206 13
1029 2166 1153 2199 Catulli
1169 2165 1296 2207 (Catuli
1313 2163 1426 2207 OLa1)
1443 2168 1470 2197 Ω

163 2209 299 2240 Versum
315 2209 447 2242 uidetur
459 2210 629 2251 respexisse
643 2208 827 2241 Macrobius
840 2209 914 2241 Sat.
926 2209 959 2241 ii.
970 2219 998 2249 7.
1012 2210 1035 2240 6
1052 2210 1062 2228 ‘
1073 2208 1214 2241 loculari
1229 2208 1353 2240 deinde
1366 2218 1471 2249 super

161 2262 243 2284 cena
258 2258 375 2284 exorta
391 2253 587 2293 quaestione
600 2253 768 2294 quodnam
784 2257 875 2284 esset
891 2252 1067 2284 molestum
1082 2253 1197 2290 otium.
1214 2251 1304 2283 aliud
1318 2251 1385 2283 alio
1397 2250 1469 2291 opi·

160 2300 272 2333 nante,
287 2297 309 2315 “
322 2296 498 2336 Podagrici
511 2296 616 2336 pedes
626 2297 648 2314 '’
664 2296 788 2336 inquit’
899 2305 936 2335 14
953 2295 1084 2327 exultas
1095 2298 1122 2326 Ω
1191 2294 1272 2334 fhrt.
1284 2293 1470 2334 nimiusque

165 2348 215 2380 15,
235 2340 275 2370 16
290 2342 401 2370 extant
409 2338 502 2388 apud
511 2338 713 2371 Hieremiam
729 2337 871 2388 Iudicem
882 2337 921 2370 de
932 2337 1155 2388 Bfontagnone
1164 2335 1337 2387 Compend.
1350 2336 1468 2387 Mafa-1.

160 2381 371 2422 Notabilium,
382 2385 414 2423 p.
426 2382 472 2413 iii.
485 2393 514 2421 4.
527 2382 549 2413 8
564 2381 689 2423 ubipro
704 2381 852 2423 perdidit
867 2380 1026 2414 tmdatum
1041 2383 1089 2413 est
1100 2390 1164 2422 per
1177 2380 1248 2412 odit
1264 2379 1316 2411 ud
1328 2379 1471 2412 reddndnt
