1592 2664
1083 103 1325 144 CARMEN
1357 103 1513 142 XXXV

288 225 448 258 euntem
477 224 648 265 reuocet,
680 229 900 267 manusque
927 217 1032 255 collo

285 283 424 323 ambas
452 282 618 322 iniciens
646 289 756 332 roget
785 280 937 320 morari.
1471 295 1510 317 10

286 361 388 399 quae
417 360 534 395 nunc,
566 347 598 386 si
627 346 724 385 mihi
754 359 847 385 uera
875 345 1117 394 nuntiantur,

285 413 395 452 illum
424 411 576 463 depen‘t
603 411 823 462 impotente
850 424 996 450 amore.

283 492 376 517 nam
405 491 486 528 quo
514 485 692 528 ternpore
720 476 813 527 legit
842 476 1068 515 incohatam

285 542 476 594 Dindymi
505 542 722 590 dominam,
753 555 801 580 ex
829 554 878 581 eo
908 541 1082 580 misellae

282 608 391 660 ignes
420 607 644 647 interiorem
674 608 799 646 edunt
828 607 1054 646 medullam.
1464 621 1503 652 15

280 673 444 724 ignosco
472 672 558 721 tibi,
588 671 785 724 Sapphica
813 672 945 722 puella

280 751 392 776 musa
420 737 597 785 doctior3
634 744 693 776 est
722 736 828 775 enim
857 742 1025 775 uenuste

279 816 422 854 magna
450 801 625 842 Caecilio
654 801 839 841 incohata
867 807 1002 840 mater.

651 912 830 950 XXXVI

277 995 479 1032 ANNALES
507 991 658 1040 Volusi,
689 999 825 1031 cacata
853 998 970 1040 carta,

275 1065 414 1098 uotum
443 1057 585 1097 soluite
613 1070 684 1108 pro
713 1070 802 1097 mea
830 1058 972 1108 puella.

275 1137 367 1166 nam
396 1130 555 1162 sanctae
582 1122 728 1162 Veneri
757 1122 1028 1174 Cupidinique

274 1187 396 1235 uouit,
428 1187 461 1226 si
489 1186 565 1226 sibi
592 1186 794 1226 restitutus
822 1200 950 1226 essem

274 1251 544 1302 desissemque
572 1258 701 1290 truces
730 1251 884 1290 uibrare
912 1251 1078 1299 iambos,
1474 1267 1496 1302 5

273 1316 509 1356 electissima
536 1315 697 1366 pessimi
725 1323 867 1367 poetae

271 1381 415 1432 scripta
442 1380 637 1432 tardipedi
666 1382 743 1420 deo
771 1382 952 1420 daturam

270 1446 491 1485 infelicibus
522 1447 732 1485 ustulanda
761 1445 885 1496 lignis.

269 1518 308 1550 et
335 1512 434 1550 haec
462 1510 633 1562 pessima
662 1523 704 1549 se
731 1511 863 1560 puella
891 1510 992 1549 uidit

267 1574 400 1614 iocose
427 1574 559 1625 lepide
586 1566 734 1613 uouere
762 1574 876 1614 diuis.
1448 1591 1490 1613 10

266 1652 374 1679 nunc
402 1652 427 1678 o
455 1640 636 1679 caeruleo
665 1646 795 1678 creata
823 1647 960 1690 ponto,

265 1717 368 1756 quae
396 1711 577 1744 sanctum
607 1704 780 1744 Idalium
809 1704 1006 1755 Vriosque
1034 1711 1201 1756 ,ψει-τος,

203 1812 244 1833 10
266 1802 410 1834 iniciens
422 1800 456 1832 Β
471 1805 606 1842 utroque
620 1802 704 1834 Ioco:
731 1802 844 1833 inities
862 1801 894 1833 Ο
982 1812 1020 1833 11
1046 1807 1141 1834 nunt.
1155 1802 1281 1833 RVen:
1302 1813 1403 1835 nunc.
1425 1803 1489 1835 GO

159 1855 198 1876 12
220 1846 408 1886 impotente
423 1855 538 1876 amore
562 1855 583 1875 a
598 1849 629 1876 et
641 1845 815 1876 Charisius
834 1855 904 1885 133.
920 1854 961 1885 25
977 1845 1054 1877 Keil
1065 1857 1073 1877 ε
1097 1846 1320 1886 impotentem
1336 1857 1486 1878 amorem

158 1889 287 1931 (amore
299 1888 398 1921 GVen
409 1887 559 1932 amoress
571 1889 619 1926 R>
635 1891 660 1919 Ω
754 1898 793 1928 13
817 1889 921 1928 elegit
938 1892 983 1921 ss:
1008 1889 1104 1929 eligit
1122 1888 1154 1920 Ο
1255 1890 1442 1922 indotatam
1459 1894 1485 1922 Ω

160 1933 199 1964 18
221 1932 338 1964 cecilia
354 1935 381 1964 Ω
470 1932 628 1964 incohata
646 1931 713 1963 OD
727 1932 830 1963 Paris
845 1934 950 1972 7989:
976 1933 1133 1964 inchoata
1150 1936 1176 1964 Ω

199 1975 349 2008 XXXVI
373 1985 421 2008 AD
443 1985 683 2008 LVSICACATAM
709 1976 919 2017 (Lusicatam
938 1976 981 2018 C)
999 1980 1049 2008 n:
1083 1987 1160 2007 cum
1184 1975 1326 2007 XXXV
1346 1977 1490 2009 cohaeret

155 2020 189 2050 in
208 2019 240 2050 0
366 2029 379 2050 1
405 2019 564 2052 Annuale
582 2019 730 2061 (Anuale
749 2019 797 2061 O)
814 2030 876 2050 suo
893 2020 959 2051 lusi
976 2023 1026 2051 st:
1050 2019 1169 2051 Volusi
1185 2020 1231 2052 ed.
1251 2020 1485 2060 antiqutssima

154 2072 231 2096 saec.
248 2073 294 2094 xv
408 2073 428 2103 5
452 2063 685 2103 desissemque
701 2062 734 2093 A
740 2063 897 2094 uantius:
924 2063 1166 2104 dedissemque
1183 2066 1209 2094 Ω
1321 2073 1339 2103 7
1365 2064 1483 2097 datura

154 2104 199 2146 D,
217 2105 360 2148 Spengel
494 2107 516 2137 8
539 2107 638 2138 ustul.
659 2106 852 2138 Buecheler:
876 2107 966 2140 ustil.
982 2107 1098 2138 codices
1237 2118 1259 2147 9
1283 2108 1367 2139 haec
1386 2107 1427 2148 O,
1447 2114 1486 2140 ut

155 2148 240 2181 uidit
260 2149 396 2189 Merrill,
419 2149 505 2182 idem
523 2150 751 2191 praetulerunt
775 2150 950 2182 Fontanus
971 2150 1020 2182 ad
1039 2149 1181 2183 Macrob.
1207 2150 1243 2182 S.
1267 2151 1292 2183 Ι.
1314 2162 1343 2191 7,
1362 2151 1406 2183 R.
1431 2151 1480 2184 W.

153 2191 276 2234 Raper,
294 2193 371 2225 alii:
395 2193 461 2234 hoc
475 2195 650 2234 (suprascr.
670 2195 703 2235 e)
720 2193 776 2226 D:
806 2194 870 2225 hoc
896 2197 942 2226 ss:
975 2204 1041 2226 om.
1063 2205 1084 2225 a
1184 2194 1284 2236 uidit]
1295 2195 1379 2234 sort.
1401 2195 1483 2227 uicit

155 2245 196 2268 10
218 2236 342 2269 iocosis
351 2236 445 2268 Riese
523 2247 653 2269 uouere
665 2247 702 2269 se
716 2235 804 2269 diuis'
814 2241 840 2268 Ω
852 2249 860 2269 2
877 2242 911 2269 et
922 2237 1007 2269 haec
1019 2248 1050 2277 p.
1064 2237 1113 2269 sic
1125 2248 1157 2278 p.
1174 2248 1206 2270 u.
1222 2239 1296 2270 ioco
1309 2249 1348 2269 se
1363 2238 1384 2270 l.
1401 2249 1432 2271 u.
1449 2241 1481 2272 d.

152 2278 307 2322 Postgate
425 2289 461 2311 11
488 2291 509 2312 ο
525 2291 591 2313 om.
614 2281 645 2312 Ο
779 2291 817 2312 12
842 2281 988 2312 adalium
1000 2281 1042 2313 al.
1056 2282 1209 2321 ydalium
1225 2282 1379 2314 GRVen:
1403 2284 1480 2314 ada-

152 2323 232 2355 lium
244 2323 276 2355 Ο
342 2325 502 2364 uriosque
514 2327 540 2355 Ω
556 2336 564 2356 :
591 2324 766 2364 utriosque
779 2327 958 2366 (suprascr.
976 2325 1137 2365 uriosque
1150 2325 1192 2367 G)
1209 2325 1293 2357 GD:
1319 2326 1482 2366 uiuosque

151 2367 216 2400 cod.
230 2367 459 2400 Ashburnm‘:
481 2367 650 2408 Vriosque
667 2374 787 2408 portus
796 2368 977 2400 Heinsius:
1005 2368 1180 2409 Surosque
1194 2368 1294 2401 Voss:
1319 2370 1481 2412 Chytros-

152 2421 218 2451 que
234 2411 361 2453 Bergk:
383 2411 610 2452 Thronosque
624 2411 735 2453 Unger
