<?xml version="1.0" encoding="UTF-8"?>
<!DOCTYPE html PUBLIC "-//W3C//DTD XHTML 1.0 Transitional//EN"
    "http://www.w3.org/TR/xhtml1/DTD/xhtml1-transitional.dtd">
<html xmlns="http://www.w3.org/1999/xhtml" xml:lang="en" lang="en">
 <head>
  <title>
</title>
<meta http-equiv="Content-Type" content="text/html;charset=utf-8" />
  <meta name='ocr-system' content='tesseract 3.04.00' />
  <meta name='ocr-capabilities' content='ocr_page ocr_carea ocr_par ocr_line ocrx_word'/>
</head>
<body>
  <div class='ocr_page' id='page_1' title='image "./carminarecognovi00catuuoft_0036.png"; bbox 0 0 1592 2664; ppageno 0'>
   <div class='ocr_carea' id='block_1_1' title="bbox 221 130 510 170">
    <p class='ocr_par' dir='ltr' id='par_1_1' title="bbox 221 130 510 170">
     <span class='ocr_line' id='line_1_1' title="bbox 221 130 510 170; baseline -0.01 0"><span class='ocrx_word' id='word_1_1' title='bbox 221 130 460 170; x_wconf 85' lang='lat' dir='ltr'>CATVLLI</span> <span class='ocrx_word' id='word_1_2' title='bbox 507 163 510 166; x_wconf 20' lang='grc' dir='ltr'><strong>Α</strong></span> 
     </span>
    </p>
   </div>
   <div class='ocr_carea' id='block_1_2' title="bbox 212 237 1524 798">
    <p class='ocr_par' dir='ltr' id='par_1_2' title="bbox 218 237 1524 353">
     <span class='ocr_line' id='line_1_2' title="bbox 218 237 1524 287; baseline 0.001 -9"><span class='ocrx_word' id='word_1_3' title='bbox 218 251 309 278; x_wconf 91' lang='lat' dir='ltr'>cum</span> <span class='ocrx_word' id='word_1_4' title='bbox 337 238 430 278; x_wconf 89' lang='lat' dir='ltr'>diua</span> <span class='ocrx_word' id='word_1_5' title='bbox 458 238 625 278; x_wconf 83' lang='lat' dir='ltr'>†mulier</span> <span class='ocrx_word' id='word_1_6' title='bbox 652 237 780 279; x_wconf 82' lang='lat' dir='ltr'>aries†</span> <span class='ocrx_word' id='word_1_7' title='bbox 805 238 976 278; x_wconf 88' lang='lat' dir='ltr'>ostendit</span> <span class='ocrx_word' id='word_1_8' title='bbox 1004 238 1224 286; x_wconf 76' lang='lat' dir='ltr'><strong>oscitantes,</strong></span> <span class='ocrx_word' id='word_1_9' title='bbox 1503 254 1524 287; x_wconf 79' lang='lat'>⁵</span> 
     </span>
     <span class='ocr_line' id='line_1_3' title="bbox 218 301 1214 353; baseline 0 -12"><span class='ocrx_word' id='word_1_10' title='bbox 218 302 370 342; x_wconf 89' lang='lat' dir='ltr'><strong>remitte</strong></span> <span class='ocrx_word' id='word_1_11' title='bbox 398 301 557 353; x_wconf 88' lang='lat' dir='ltr'>pallium</span> <span class='ocrx_word' id='word_1_12' title='bbox 586 301 681 340; x_wconf 86' lang='lat' dir='ltr'>mihi</span> <span class='ocrx_word' id='word_1_13' title='bbox 711 315 854 349; x_wconf 85' lang='lat' dir='ltr'>meum,</span> <span class='ocrx_word' id='word_1_14' title='bbox 884 302 992 352; x_wconf 91' lang='lat' dir='ltr'>quod</span> <span class='ocrx_word' id='word_1_15' title='bbox 1020 301 1214 349; x_wconf 87' lang='lat' dir='ltr'>inuolasti,</span> 
     </span>
    </p>

    <p class='ocr_par' dir='ltr' id='par_1_3' title="bbox 217 364 1295 416">
     <span class='ocr_line' id='line_1_4' title="bbox 217 364 1295 416; baseline 0.001 -13"><span class='ocrx_word' id='word_1_16' title='bbox 217 364 495 415; x_wconf 87' lang='lat' dir='ltr'>sudariumque</span> <span class='ocrx_word' id='word_1_17' title='bbox 523 364 733 404; x_wconf 84' lang='lat' dir='ltr'>Saetabum</span> <span class='ocrx_word' id='word_1_18' title='bbox 762 365 1094 416; x_wconf 84' lang='lat' dir='ltr'>catagraphosque</span> <span class='ocrx_word' id='word_1_19' title='bbox 1121 366 1295 415; x_wconf 85' lang='lat' dir='ltr'>Thynos,</span> 
     </span>
    </p>

    <p class='ocr_par' dir='ltr' id='par_1_4' title="bbox 217 427 1316 479">
     <span class='ocr_line' id='line_1_5' title="bbox 217 427 1316 479; baseline 0 -11"><span class='ocrx_word' id='word_1_20' title='bbox 217 427 358 479; x_wconf 88' lang='lat' dir='ltr'>inepte,</span> <span class='ocrx_word' id='word_1_21' title='bbox 388 441 488 478; x_wconf 91' lang='lat' dir='ltr'>quae</span> <span class='ocrx_word' id='word_1_22' title='bbox 517 430 645 479; x_wconf 91' lang='lat' dir='ltr'>palam</span> <span class='ocrx_word' id='word_1_23' title='bbox 673 430 775 467; x_wconf 90' lang='lat' dir='ltr'>soles</span> <span class='ocrx_word' id='word_1_24' title='bbox 803 428 947 467; x_wconf 89' lang='lat' dir='ltr'>habere</span> <span class='ocrx_word' id='word_1_25' title='bbox 975 435 1174 479; x_wconf 87' lang='lat' dir='ltr'>tamquam</span> <span class='ocrx_word' id='word_1_26' title='bbox 1201 428 1316 468; x_wconf 85' lang='lat' dir='ltr'>auita.</span> 
     </span>
    </p>

    <p class='ocr_par' dir='ltr' id='par_1_5' title="bbox 215 491 1330 543">
     <span class='ocr_line' id='line_1_6' title="bbox 215 491 1330 543; baseline 0.001 -13"><span class='ocrx_word' id='word_1_27' title='bbox 215 504 317 543; x_wconf 90' lang='lat' dir='ltr'>quae</span> <span class='ocrx_word' id='word_1_28' title='bbox 344 504 449 531; x_wconf 89' lang='lat' dir='ltr'>nunc</span> <span class='ocrx_word' id='word_1_29' title='bbox 477 491 552 530; x_wconf 92' lang='lat' dir='ltr'>tuis</span> <span class='ocrx_word' id='word_1_30' title='bbox 580 491 631 530; x_wconf 90' lang='lat' dir='ltr'>ab</span> <span class='ocrx_word' id='word_1_31' title='bbox 660 491 855 542; x_wconf 91' lang='lat' dir='ltr'>unguibus</span> <span class='ocrx_word' id='word_1_32' title='bbox 884 491 1073 543; x_wconf 88' lang='lat' dir='ltr'>reglutina</span> <span class='ocrx_word' id='word_1_33' title='bbox 1100 499 1139 531; x_wconf 92' lang='lat' dir='ltr'>et</span> <span class='ocrx_word' id='word_1_34' title='bbox 1166 491 1330 540; x_wconf 88' lang='lat' dir='ltr'>remitte,</span> 
     </span>
    </p>

    <p class='ocr_par' dir='ltr' id='par_1_6' title="bbox 214 555 1524 670">
     <span class='ocr_line' id='line_1_7' title="bbox 214 555 1524 606; baseline 0 -12"><span class='ocrx_word' id='word_1_35' title='bbox 214 568 266 595; x_wconf 91' lang='lat' dir='ltr'>ne</span> <span class='ocrx_word' id='word_1_36' title='bbox 293 557 449 595; x_wconf 89' lang='lat' dir='ltr'>laneum</span> <span class='ocrx_word' id='word_1_37' title='bbox 477 556 710 594; x_wconf 90' lang='lat' dir='ltr'>latusculum</span> <span class='ocrx_word' id='word_1_38' title='bbox 743 568 960 606; x_wconf 88' lang='lat' dir='ltr'>manusque</span> <span class='ocrx_word' id='word_1_39' title='bbox 989 555 1214 595; x_wconf 89' lang='lat' dir='ltr'>mollicellas</span> <span class='ocrx_word' id='word_1_40' title='bbox 1483 571 1524 595; x_wconf 77' lang='grc' dir='ltr'>ιο</span> 
     </span>
     <span class='ocr_line' id='line_1_8' title="bbox 214 617 1134 670; baseline 0 -12"><span class='ocrx_word' id='word_1_41' title='bbox 214 617 344 659; x_wconf 88' lang='lat' dir='ltr'>inusta</span> <span class='ocrx_word' id='word_1_42' title='bbox 371 618 532 670; x_wconf 87' lang='lat' dir='ltr'>turpiter</span> <span class='ocrx_word' id='word_1_43' title='bbox 559 618 628 658; x_wconf 91' lang='lat' dir='ltr'>tibi</span> <span class='ocrx_word' id='word_1_44' title='bbox 657 620 807 670; x_wconf 89' lang='lat' dir='ltr'>flagella</span> <span class='ocrx_word' id='word_1_45' title='bbox 835 618 1134 666; x_wconf 89' lang='lat' dir='ltr'>conscribillent,</span> 
     </span>
    </p>

    <p class='ocr_par' dir='ltr' id='par_1_7' title="bbox 213 681 1171 734">
     <span class='ocr_line' id='line_1_9' title="bbox 213 681 1171 734; baseline 0.001 -13"><span class='ocrx_word' id='word_1_46' title='bbox 213 689 252 722; x_wconf 88' lang='lat' dir='ltr'>et</span> <span class='ocrx_word' id='word_1_47' title='bbox 280 681 491 722; x_wconf 87' lang='lat' dir='ltr'>insolenter</span> <span class='ocrx_word' id='word_1_48' title='bbox 517 690 681 730; x_wconf 85' lang='lat' dir='ltr'>aestueS‚</span> <span class='ocrx_word' id='word_1_49' title='bbox 713 684 820 722; x_wconf 91' lang='lat' dir='ltr'>uelut</span> <span class='ocrx_word' id='word_1_50' title='bbox 849 682 999 722; x_wconf 88' lang='lat' dir='ltr'>minuta</span> <span class='ocrx_word' id='word_1_51' title='bbox 1028 696 1171 734; x_wconf 90' lang='lat' dir='ltr'>magno</span> 
     </span>
    </p>

    <p class='ocr_par' dir='ltr' id='par_1_8' title="bbox 212 745 1160 798">
     <span class='ocr_line' id='line_1_10' title="bbox 212 745 1160 798; baseline 0 -12"><span class='ocrx_word' id='word_1_52' title='bbox 212 747 403 798; x_wconf 83' lang='lat' dir='ltr'>deprensa</span> <span class='ocrx_word' id='word_1_53' title='bbox 430 746 542 786; x_wconf 89' lang='lat' dir='ltr'>nauis</span> <span class='ocrx_word' id='word_1_54' title='bbox 571 746 611 785; x_wconf 91' lang='lat' dir='ltr'>in</span> <span class='ocrx_word' id='word_1_55' title='bbox 640 745 744 794; x_wconf 90' lang='lat' dir='ltr'>mari,</span> <span class='ocrx_word' id='word_1_56' title='bbox 776 745 1002 786; x_wconf 89' lang='lat' dir='ltr'>uesaniente</span> <span class='ocrx_word' id='word_1_57' title='bbox 1030 754 1160 786; x_wconf 90' lang='lat' dir='ltr'>uento.</span> 
     </span>
    </p>
   </div>
   <div class='ocr_carea' id='block_1_3' title="bbox 742 855 879 892">
    <p class='ocr_par' dir='ltr' id='par_1_9' title="bbox 742 855 879 892">
     <span class='ocr_line' id='line_1_11' title="bbox 742 855 879 892; baseline 0 0"><span class='ocrx_word' id='word_1_58' title='bbox 742 855 879 892; x_wconf 90' lang='lat' dir='ltr'><strong>XXVI</strong></span> 
     </span>
    </p>
   </div>
   <div class='ocr_carea' id='block_1_4' title="bbox 312 932 1518 1239">
    <p class='ocr_par' dir='ltr' id='par_1_10' title="bbox 318 932 1103 981">
     <span class='ocr_line' id='line_1_12' title="bbox 318 932 1103 981; baseline 0 -8"><span class='ocrx_word' id='word_1_59' title='bbox 318 935 434 981; x_wconf 76' lang='lat' dir='ltr'>va,</span> <span class='ocrx_word' id='word_1_60' title='bbox 464 932 598 972; x_wconf 88' lang='lat' dir='ltr'>uillula</span> <span class='ocrx_word' id='word_1_61' title='bbox 626 939 757 972; x_wconf 89' lang='lat' dir='ltr'>nostra</span> <span class='ocrx_word' id='word_1_62' title='bbox 784 946 865 972; x_wconf 89' lang='lat' dir='ltr'>non</span> <span class='ocrx_word' id='word_1_63' title='bbox 892 934 943 973; x_wconf 89' lang='lat' dir='ltr'>ad</span> <span class='ocrx_word' id='word_1_64' title='bbox 970 932 1103 973; x_wconf 89' lang='lat' dir='ltr'>Austri</span> 
     </span>
    </p>

    <p class='ocr_par' dir='ltr' id='par_1_11' title="bbox 315 995 1135 1048">
     <span class='ocr_line' id='line_1_13' title="bbox 315 995 1135 1048; baseline 0 -12"><span class='ocrx_word' id='word_1_65' title='bbox 315 998 429 1036; x_wconf 89' lang='lat' dir='ltr'>flatus</span> <span class='ocrx_word' id='word_1_66' title='bbox 457 995 637 1048; x_wconf 88' lang='lat' dir='ltr'>opposita</span> <span class='ocrx_word' id='word_1_67' title='bbox 664 1003 723 1035; x_wconf 89' lang='lat' dir='ltr'>est</span> <span class='ocrx_word' id='word_1_68' title='bbox 750 1009 879 1047; x_wconf 90' lang='lat' dir='ltr'>neque</span> <span class='ocrx_word' id='word_1_69' title='bbox 906 997 957 1036; x_wconf 91' lang='lat' dir='ltr'>ad</span> <span class='ocrx_word' id='word_1_70' title='bbox 986 996 1135 1036; x_wconf 87' lang='lat' dir='ltr'>Fauoni</span> 
     </span>
    </p>

    <p class='ocr_par' dir='ltr' id='par_1_12' title="bbox 315 1059 1065 1110">
     <span class='ocr_line' id='line_1_14' title="bbox 315 1059 1065 1110; baseline 0 -11"><span class='ocrx_word' id='word_1_71' title='bbox 315 1073 388 1100; x_wconf 91' lang='lat' dir='ltr'>nee</span> <span class='ocrx_word' id='word_1_72' title='bbox 416 1059 522 1099; x_wconf 89' lang='lat' dir='ltr'>saeui</span> <span class='ocrx_word' id='word_1_73' title='bbox 552 1062 701 1099; x_wconf 91' lang='lat' dir='ltr'>Boreae</span> <span class='ocrx_word' id='word_1_74' title='bbox 727 1067 794 1099; x_wconf 90' lang='lat' dir='ltr'>aut</span> <span class='ocrx_word' id='word_1_75' title='bbox 821 1060 1065 1110; x_wconf 90' lang='lat' dir='ltr'>Apheliotae,</span> 
     </span>
    </p>

    <p class='ocr_par' dir='ltr' id='par_1_13' title="bbox 314 1123 1212 1174">
     <span class='ocr_line' id='line_1_15' title="bbox 314 1123 1212 1174; baseline -0.001 -10"><span class='ocrx_word' id='word_1_76' title='bbox 314 1137 450 1164; x_wconf 89' lang='lat' dir='ltr'>uerum</span> <span class='ocrx_word' id='word_1_77' title='bbox 477 1124 529 1163; x_wconf 93' lang='lat' dir='ltr'>ad</span> <span class='ocrx_word' id='word_1_78' title='bbox 558 1123 663 1162; x_wconf 90' lang='lat' dir='ltr'>milia</span> <span class='ocrx_word' id='word_1_79' title='bbox 691 1123 915 1174; x_wconf 91' lang='lat' dir='ltr'>quindecim</span> <span class='ocrx_word' id='word_1_80' title='bbox 944 1131 982 1163; x_wconf 91' lang='lat' dir='ltr'>et</span> <span class='ocrx_word' id='word_1_81' title='bbox 1009 1125 1212 1164; x_wconf 88' lang='lat' dir='ltr'>ducentos.</span> 
     </span>
    </p>

    <p class='ocr_par' dir='ltr' id='par_1_14' title="bbox 312 1187 1518 1239">
     <span class='ocr_line' id='line_1_16' title="bbox 312 1187 1518 1239; baseline 0 -11"><span class='ocrx_word' id='word_1_82' title='bbox 312 1202 339 1227; x_wconf 95' lang='lat' dir='ltr'>o</span> <span class='ocrx_word' id='word_1_83' title='bbox 367 1195 530 1228; x_wconf 90' lang='lat' dir='ltr'>uentum</span> <span class='ocrx_word' id='word_1_84' title='bbox 558 1187 782 1228; x_wconf 84' lang='lat' dir='ltr'>horribilem</span> <span class='ocrx_word' id='word_1_85' title='bbox 810 1195 929 1239; x_wconf 88' lang='lat' dir='ltr'>atque</span> <span class='ocrx_word' id='word_1_86' title='bbox 960 1187 1231 1239; x_wconf 80' lang='lat' dir='ltr'>pestilentem!</span> <span class='ocrx_word' id='word_1_87' title='bbox 1497 1203 1518 1236; x_wconf 80' lang='lat'><strong>5</strong></span> 
     </span>
    </p>
   </div>
   <div class='ocr_carea' id='block_1_5' title="bbox 709 1297 870 1336">
    <p class='ocr_par' dir='ltr' id='par_1_15' title="bbox 709 1297 870 1336">
     <span class='ocr_line' id='line_1_17' title="bbox 709 1297 870 1336; baseline 0.006 -1"><span class='ocrx_word' id='word_1_88' title='bbox 709 1297 870 1336; x_wconf 91' lang='lat' dir='ltr'>XXVII</span> 
     </span>
    </p>
   </div>
   <div class='ocr_carea' id='block_1_6' title="bbox 311 1375 1064 1608">
    <p class='ocr_par' dir='ltr' id='par_1_16' title="bbox 312 1375 981 1491">
     <span class='ocr_line' id='line_1_18' title="bbox 314 1375 981 1427; baseline 0 -12"><span class='ocrx_word' id='word_1_89' title='bbox 314 1378 528 1415; x_wconf 80' lang='lat' dir='ltr'>M1le¹rER</span> <span class='ocrx_word' id='word_1_90' title='bbox 557 1375 677 1415; x_wconf 89' lang='lat' dir='ltr'>uetuli</span> <span class='ocrx_word' id='word_1_91' title='bbox 705 1389 801 1427; x_wconf 87' lang='lat' dir='ltr'>puer</span> <span class='ocrx_word' id='word_1_92' title='bbox 829 1375 981 1415; x_wconf 86' lang='lat' dir='ltr'>Falerni</span> 
     </span>
     <span class='ocr_line' id='line_1_19' title="bbox 312 1438 913 1491; baseline -0.002 -12"><span class='ocrx_word' id='word_1_93' title='bbox 312 1439 419 1491; x_wconf 88' lang='lat' dir='ltr'>inger</span> <span class='ocrx_word' id='word_1_94' title='bbox 447 1438 500 1479; x_wconf 89' lang='lat' dir='ltr'>mi</span> <span class='ocrx_word' id='word_1_95' title='bbox 528 1439 669 1479; x_wconf 88' lang='lat' dir='ltr'>calices</span> <span class='ocrx_word' id='word_1_96' title='bbox 695 1438 913 1487; x_wconf 87' lang='lat' dir='ltr'>amariores,</span> 
     </span>
    </p>

    <p class='ocr_par' dir='ltr' id='par_1_17' title="bbox 311 1502 1064 1608">
     <span class='ocr_line' id='line_1_20' title="bbox 311 1502 1064 1554; baseline 0.001 -12"><span class='ocrx_word' id='word_1_97' title='bbox 311 1510 355 1542; x_wconf 93' lang='lat' dir='ltr'>ut</span> <span class='ocrx_word' id='word_1_98' title='bbox 382 1505 443 1543; x_wconf 90' lang='lat' dir='ltr'>lex</span> <span class='ocrx_word' id='word_1_99' title='bbox 472 1502 695 1542; x_wconf 89' lang='lat' dir='ltr'>Postumiae</span> <span class='ocrx_word' id='word_1_100' title='bbox 723 1502 831 1542; x_wconf 89' lang='lat' dir='ltr'>iubet</span> <span class='ocrx_word' id='word_1_101' title='bbox 860 1502 1064 1554; x_wconf 89' lang='lat' dir='ltr'>magistrae</span> 
     </span>
     <span class='ocr_line' id='line_1_21' title="bbox 311 1565 862 1608; baseline -0.002 -1"><span class='ocrx_word' id='word_1_102' title='bbox 311 1566 466 1608; x_wconf 91' lang='lat' dir='ltr'>ebriosa</span> <span class='ocrx_word' id='word_1_103' title='bbox 492 1566 604 1606; x_wconf 86' lang='lat' dir='ltr'>acina</span> <span class='ocrx_word' id='word_1_104' title='bbox 631 1565 862 1606; x_wconf 84' lang='lat' dir='ltr'>ebriosioris.</span> 
     </span>
    </p>
   </div>
   <div class='ocr_carea' id='block_1_7' title="bbox 200 1666 1514 2051">
    <p class='ocr_par' dir='ltr' id='par_1_18' title="bbox 200 1666 1514 2051">
     <span class='ocr_line' id='line_1_22' title="bbox 246 1666 1513 1710; baseline -0.001 -9"><span class='ocrx_word' id='word_1_105' title='bbox 246 1679 267 1710; x_wconf 88' lang='lat'>5</span> <span class='ocrx_word' id='word_1_106' title='bbox 289 1679 363 1702; x_wconf 89' lang='lat' dir='ltr'>cum</span> <span class='ocrx_word' id='word_1_107' title='bbox 380 1668 473 1707; x_wconf 77' lang='lat' dir='ltr'>(cum</span> <span class='ocrx_word' id='word_1_108' title='bbox 493 1667 537 1706; x_wconf 90' lang='lat' dir='ltr'>G)</span> <span class='ocrx_word' id='word_1_109' title='bbox 554 1667 632 1699; x_wconf 80' lang='lat' dir='ltr'>diua</span> <span class='ocrx_word' id='word_1_110' title='bbox 648 1666 766 1699; x_wconf 83' lang='lat' dir='ltr'>mulier</span> <span class='ocrx_word' id='word_1_111' title='bbox 780 1667 807 1709; x_wconf 74' lang='lat' dir='ltr'>(i</span> <span class='ocrx_word' id='word_1_112' title='bbox 828 1666 871 1706; x_wconf 89' lang='grc' dir='ltr'>Ο)</span> <span class='ocrx_word' id='word_1_113' title='bbox 890 1669 939 1698; x_wconf 80' lang='lat' dir='ltr'>n:</span> <span class='ocrx_word' id='word_1_114' title='bbox 962 1666 1103 1699; x_wconf 75' lang='lat' dir='ltr'>conuiua</span> <span class='ocrx_word' id='word_1_115' title='bbox 1116 1666 1257 1699; x_wconf 69' lang='lat' dir='ltr'>Bul-me</span> <span class='ocrx_word' id='word_1_116' title='bbox 1351 1667 1440 1699; x_wconf 57' lang='lat' dir='ltr'>aria</span> <span class='ocrx_word' id='word_1_117' title='bbox 1460 1668 1513 1700; x_wconf 86' lang='lat'>0:</span> 
     </span>
     <span class='ocr_line' id='line_1_23' title="bbox 203 1709 1512 1744; baseline -0.001 0"><span class='ocrx_word' id='word_1_118' title='bbox 203 1713 286 1744; x_wconf 82' lang='lat' dir='ltr'>alios</span> <span class='ocrx_word' id='word_1_119' title='bbox 308 1711 350 1743; x_wconf 82' lang='lat' dir='ltr'>al.</span> <span class='ocrx_word' id='word_1_120' title='bbox 375 1720 456 1742; x_wconf 84' lang='lat' dir='ltr'>aues</span> <span class='ocrx_word' id='word_1_121' title='bbox 471 1710 524 1742; x_wconf 85' lang='lat' dir='ltr'>uel</span> <span class='ocrx_word' id='word_1_122' title='bbox 544 1710 634 1741; x_wconf 85' lang='lat' dir='ltr'>aries</span> <span class='ocrx_word' id='word_1_123' title='bbox 653 1709 700 1742; x_wconf 89' lang='lat' dir='ltr'>G:</span> <span class='ocrx_word' id='word_1_124' title='bbox 724 1720 808 1742; x_wconf 82' lang='lat' dir='ltr'>aues</span> <span class='ocrx_word' id='word_1_125' title='bbox 822 1710 863 1742; x_wconf 81' lang='lat' dir='ltr'>al.</span> <span class='ocrx_word' id='word_1_126' title='bbox 881 1710 970 1742; x_wconf 78' lang='lat' dir='ltr'>aries</span> <span class='ocrx_word' id='word_1_127' title='bbox 990 1710 1045 1742; x_wconf 88' lang='lat' dir='ltr'>uel</span> <span class='ocrx_word' id='word_1_128' title='bbox 1065 1710 1149 1742; x_wconf 79' lang='lat' dir='ltr'>alios</span> <span class='ocrx_word' id='word_1_129' title='bbox 1163 1710 1199 1742; x_wconf 82' lang='lat' dir='ltr'><em>R</em></span> <span class='ocrx_word' id='word_1_130' title='bbox 1305 1711 1512 1743; x_wconf 69' lang='lat' dir='ltr'>munerarios</span> 
     </span>
     <span class='ocr_line' id='line_1_24' title="bbox 203 1752 1511 1794; baseline -0.002 -8"><span class='ocrx_word' id='word_1_131' title='bbox 203 1754 359 1787; x_wconf 78' lang='lat' dir='ltr'>Lachm.:</span> <span class='ocrx_word' id='word_1_132' title='bbox 388 1753 595 1785; x_wconf 72' lang='lat' dir='ltr'>mulien-arios</span> <span class='ocrx_word' id='word_1_133' title='bbox 611 1753 752 1794; x_wconf 83' lang='lat' dir='ltr'>Haupt:</span> <span class='ocrx_word' id='word_1_134' title='bbox 778 1752 969 1784; x_wconf 82' lang='lat' dir='ltr'>mulicurios</span> <span class='ocrx_word' id='word_1_135' title='bbox 985 1752 1141 1792; x_wconf 80' lang='lat' dir='ltr'>Clayton:</span> <span class='ocrx_word' id='word_1_136' title='bbox 1166 1752 1383 1785; x_wconf 83' lang='lat' dir='ltr'>manulearios</span> <span class='ocrx_word' id='word_1_137' title='bbox 1398 1752 1511 1784; x_wconf 73' lang='lat' dir='ltr'>Philli-</span> 
     </span>
     <span class='ocr_line' id='line_1_25' title="bbox 203 1794 1510 1837; baseline -0.001 -9"><span class='ocrx_word' id='word_1_138' title='bbox 203 1808 307 1830; x_wconf 76' lang='lat' dir='ltr'>mon:</span> <span class='ocrx_word' id='word_1_139' title='bbox 343 1796 499 1829; x_wconf 83' lang='lat' dir='ltr'>conclaue</span> <span class='ocrx_word' id='word_1_140' title='bbox 530 1805 605 1827; x_wconf 89' lang='lat' dir='ltr'>cum</span> <span class='ocrx_word' id='word_1_141' title='bbox 639 1795 780 1827; x_wconf 80' lang='lat' dir='ltr'>uicarios</span> <span class='ocrx_word' id='word_1_142' title='bbox 807 1794 929 1827; x_wconf 79' lang='lat' dir='ltr'>Munro</span> <span class='ocrx_word' id='word_1_143' title='bbox 1022 1796 1176 1835; x_wconf 71' lang='lat' dir='ltr'>ostendet</span> <span class='ocrx_word' id='word_1_144' title='bbox 1203 1795 1376 1837; x_wconf 75' lang='lat' dir='ltr'>(suprascr.</span> <span class='ocrx_word' id='word_1_145' title='bbox 1406 1796 1434 1835; x_wconf 90' lang='lat' dir='ltr'>i)</span> <span class='ocrx_word' id='word_1_146' title='bbox 1463 1794 1510 1827; x_wconf 82' lang='lat' dir='ltr'>G:</span> 
     </span>
     <span class='ocr_line' id='line_1_26' title="bbox 201 1837 1510 1878; baseline -0.002 -6"><span class='ocrx_word' id='word_1_147' title='bbox 201 1840 359 1873; x_wconf 82' lang='lat' dir='ltr'>ostendet</span> <span class='ocrx_word' id='word_1_148' title='bbox 373 1838 460 1871; x_wconf 70' lang='lat' dir='ltr'>om·</span> <span class='ocrx_word' id='word_1_149' title='bbox 475 1850 483 1870; x_wconf 73' lang='grc' dir='ltr'><em>ε</em></span> <span class='ocrx_word' id='word_1_150' title='bbox 495 1839 639 1878; x_wconf 71' lang='lat' dir='ltr'>sonasse</span> <span class='ocrx_word' id='word_1_151' title='bbox 654 1848 728 1870; x_wconf 89' lang='lat' dir='ltr'>cum</span> <span class='ocrx_word' id='word_1_152' title='bbox 739 1838 834 1869; x_wconf 74' lang='lat' dir='ltr'>laeua</span> <span class='ocrx_word' id='word_1_153' title='bbox 849 1837 1054 1870; x_wconf 77' lang='lat' dir='ltr'>munerarios</span> <span class='ocrx_word' id='word_1_154' title='bbox 1068 1838 1207 1870; x_wconf 80' lang='lat' dir='ltr'>offendit</span> <span class='ocrx_word' id='word_1_155' title='bbox 1222 1838 1404 1870; x_wconf 51' lang='lat' dir='ltr'>oscitant&amp;</span> <span class='ocrx_word' id='word_1_156' title='bbox 1491 1848 1510 1878; x_wconf 87' lang='lat'><strong>7</strong></span> 
     </span>
     <span class='ocr_line' id='line_1_27' title="bbox 201 1879 1511 1921; baseline -0.002 -6"><span class='ocrx_word' id='word_1_157' title='bbox 201 1882 394 1915; x_wconf 81' lang='lat' dir='ltr'>saethabum</span> <span class='ocrx_word' id='word_1_158' title='bbox 408 1882 455 1914; x_wconf 82' lang='lat' dir='ltr'>G:</span> <span class='ocrx_word' id='word_1_159' title='bbox 471 1881 645 1913; x_wconf 86' lang='lat' dir='ltr'>sathabum</span> <span class='ocrx_word' id='word_1_160' title='bbox 659 1880 908 1913; x_wconf 81' lang='lat' dir='ltr'>OABCDLa&#39;a</span> <span class='ocrx_word' id='word_1_161' title='bbox 990 1881 1012 1912; x_wconf 88' lang='lat'>8</span> <span class='ocrx_word' id='word_1_162' title='bbox 1026 1880 1208 1921; x_wconf 85' lang='lat' dir='ltr'>inepteque</span> <span class='ocrx_word' id='word_1_163' title='bbox 1220 1879 1252 1912; x_wconf 91' lang='grc' dir='ltr'><em>Ο</em></span> <span class='ocrx_word' id='word_1_164' title='bbox 1339 1890 1379 1912; x_wconf 80' lang='lat' dir='ltr'>xo</span> <span class='ocrx_word' id='word_1_165' title='bbox 1400 1885 1511 1912; x_wconf 57' lang='lat' dir='ltr'>nata·</span> 
     </span>
     <span class='ocr_line' id='line_1_28' title="bbox 200 1922 1514 1966; baseline -0.003 -7"><span class='ocrx_word' id='word_1_166' title='bbox 200 1937 266 1966; x_wconf 89' lang='lat' dir='ltr'>que</span> <span class='ocrx_word' id='word_1_167' title='bbox 280 1924 425 1966; x_wconf 78' lang='lat' dir='ltr'>Scaliger</span> <span class='ocrx_word' id='word_1_168' title='bbox 523 1934 559 1956; x_wconf 87' lang='lat'>11</span> <span class='ocrx_word' id='word_1_169' title='bbox 584 1924 693 1956; x_wconf 78' lang='lat' dir='ltr'>inusta</span> <span class='ocrx_word' id='word_1_170' title='bbox 706 1923 753 1957; x_wconf 86' lang='lat' dir='ltr'>ed.</span> <span class='ocrx_word' id='word_1_171' title='bbox 773 1923 930 1964; x_wconf 57' lang='lat' dir='ltr'>Caspum.</span> <span class='ocrx_word' id='word_1_172' title='bbox 951 1924 1029 1963; x_wconf 82' lang='lat'>1481</span> <span class='ocrx_word' id='word_1_173' title='bbox 1045 1934 1054 1955; x_wconf 71' lang='grc' dir='ltr'><em>ε</em></span> <span class='ocrx_word' id='word_1_174' title='bbox 1069 1924 1176 1955; x_wconf 84' lang='lat' dir='ltr'>insula</span> <span class='ocrx_word' id='word_1_175' title='bbox 1186 1926 1213 1955; x_wconf 99' lang='grc' dir='ltr'><strong>Ω</strong></span> <span class='ocrx_word' id='word_1_176' title='bbox 1227 1934 1234 1954; x_wconf 89' lang='lat'>:</span> <span class='ocrx_word' id='word_1_177' title='bbox 1251 1922 1360 1955; x_wconf 77' lang='lat' dir='ltr'>inlusa</span> <span class='ocrx_word' id='word_1_178' title='bbox 1368 1923 1514 1965; x_wconf 64' lang='lat' dir='ltr'>Scaugtr</span> 
     </span>
     <span class='ocr_line' id='line_1_29' title="bbox 200 1965 1511 2007; baseline -0.002 -6"><span class='ocrx_word' id='word_1_179' title='bbox 200 1967 437 2001; x_wconf 79' lang='lat' dir='ltr'>conscribilent</span> <span class='ocrx_word' id='word_1_180' title='bbox 454 1969 498 1998; x_wconf 80' lang='lat' dir='ltr'>n:</span> <span class='ocrx_word' id='word_1_181' title='bbox 521 1966 761 1999; x_wconf 81' lang='lat' dir='ltr'>conscribilent</span> <span class='ocrx_word' id='word_1_182' title='bbox 773 1965 906 2007; x_wconf 71' lang='lat' dir='ltr'>flagella</span> <span class='ocrx_word' id='word_1_183' title='bbox 925 1965 1109 1998; x_wconf 73' lang='lat' dir='ltr'>Turnebus:</span> <span class='ocrx_word' id='word_1_184' title='bbox 1132 1966 1346 2006; x_wconf 81' lang='lat' dir='ltr'>consigillent</span> <span class='ocrx_word' id='word_1_185' title='bbox 1362 1965 1511 1998; x_wconf 67' lang='lat' dir='ltr'>Murem</span> 
     </span>
     <span class='ocr_line' id='line_1_30' title="bbox 203 2009 1510 2051; baseline -0.002 -8"><span class='ocrx_word' id='word_1_186' title='bbox 203 2021 241 2043; x_wconf 63' lang='grc' dir='ltr'>ιη</span> <span class='ocrx_word' id='word_1_187' title='bbox 264 2011 391 2043; x_wconf 79' lang='lat' dir='ltr'>minuta</span> <span class='ocrx_word' id='word_1_188' title='bbox 405 2011 426 2041; x_wconf 80' lang='lat' dir='ltr'><em>h</em></span> <span class='ocrx_word' id='word_1_189' title='bbox 443 2013 474 2042; x_wconf 77' lang='lat' dir='ltr'>et</span> <span class='ocrx_word' id='word_1_190' title='bbox 489 2009 655 2051; x_wconf 77' lang='lat' dir='ltr'>Caesenas,</span> <span class='ocrx_word' id='word_1_191' title='bbox 674 2013 804 2051; x_wconf 79' lang='lat' dir='ltr'>uterque</span> <span class='ocrx_word' id='word_1_192' title='bbox 816 2019 896 2042; x_wconf 73' lang='lat' dir='ltr'>saec.</span> <span class='ocrx_word' id='word_1_193' title='bbox 911 2019 965 2041; x_wconf 80' lang='lat' dir='ltr'>xv.</span> <span class='ocrx_word' id='word_1_194' title='bbox 977 2010 1139 2041; x_wconf 77' lang='lat' dir='ltr'>exeuntis:</span> <span class='ocrx_word' id='word_1_195' title='bbox 1163 2009 1297 2041; x_wconf 76' lang='lat' dir='ltr'>inimica</span> <span class='ocrx_word' id='word_1_196' title='bbox 1311 2012 1338 2041; x_wconf 93' lang='grc' dir='ltr'><strong>Ω</strong></span> <span class='ocrx_word' id='word_1_197' title='bbox 1472 2018 1510 2050; x_wconf 82' lang='lat'>13</span> 
     </span>
    </p>
   </div>
   <div class='ocr_carea' id='block_1_8' title="bbox 199 2052 1511 2127">
    <p class='ocr_par' dir='ltr' id='par_1_19' title="bbox 199 2052 1511 2127">
     <span class='ocr_line' id='line_1_31' title="bbox 199 2052 739 2092; baseline -0.006 -6"><span class='ocrx_word' id='word_1_198' title='bbox 199 2055 241 2086; x_wconf 88' lang='lat' dir='ltr'>de</span> <span class='ocrx_word' id='word_1_199' title='bbox 268 2064 366 2085; x_wconf 80' lang='lat' dir='ltr'>rensa</span> <span class='ocrx_word' id='word_1_200' title='bbox 383 2053 456 2084; x_wconf 76' lang='lat' dir='ltr'>Oh:</span> <span class='ocrx_word' id='word_1_201' title='bbox 481 2052 696 2092; x_wconf 79' lang='lat' dir='ltr'>deprehensa</span> <span class='ocrx_word' id='word_1_202' title='bbox 711 2055 739 2083; x_wconf 91' lang='grc' dir='ltr'><strong>Ω</strong></span> 
     </span>
     <span class='ocr_line' id='line_1_32' title="bbox 275 2092 1511 2127; baseline -0.001 0"><span class='ocrx_word' id='word_1_203' title='bbox 275 2095 356 2127; x_wconf 89' lang='lat' dir='ltr'>XVI</span> <span class='ocrx_word' id='word_1_204' title='bbox 380 2105 428 2127; x_wconf 78' lang='grc' dir='ltr'>Αῡ</span> <span class='ocrx_word' id='word_1_205' title='bbox 442 2104 576 2127; x_wconf 68' lang='grc' dir='ltr'>Πκινιι</span> <span class='ocrx_word' id='word_1_206' title='bbox 592 2098 638 2127; x_wconf 67' lang='grc' dir='ltr'>Ως</span> <span class='ocrx_word' id='word_1_207' title='bbox 660 2095 694 2126; x_wconf 75' lang='lat' dir='ltr'>in</span> <span class='ocrx_word' id='word_1_208' title='bbox 705 2094 950 2127; x_wconf 75' lang='lat' dir='ltr'>ointerstitium</span> <span class='ocrx_word' id='word_1_209' title='bbox 963 2103 1029 2126; x_wconf 83' lang='lat' dir='ltr'>non</span> <span class='ocrx_word' id='word_1_210' title='bbox 1039 2098 1087 2127; x_wconf 74' lang='lat' dir='ltr'>est</span> <span class='ocrx_word' id='word_1_211' title='bbox 1146 2103 1160 2125; x_wconf 88' lang='lat'>1</span> <span class='ocrx_word' id='word_1_212' title='bbox 1179 2094 1206 2126; x_wconf 86' lang='lat' dir='ltr'><strong>F</strong></span> <span class='ocrx_word' id='word_1_213' title='bbox 1207 2095 1256 2126; x_wconf 87' lang='lat' dir='ltr'>uri</span> <span class='ocrx_word' id='word_1_214' title='bbox 1265 2092 1352 2126; x_wconf 73' lang='lat' dir='ltr'>mad.</span> <span class='ocrx_word' id='word_1_215' title='bbox 1397 2098 1511 2126; x_wconf 65' lang='lat' dir='ltr'>uoetrn</span> 
     </span>
    </p>
   </div>
   <div class='ocr_carea' id='block_1_9' title="bbox 198 2135 1509 2256">
    <p class='ocr_par' dir='ltr' id='par_1_20' title="bbox 198 2135 1509 2256">
     <span class='ocr_line' id='line_1_33' title="bbox 201 2135 1508 2179; baseline -0.002 -8"><span class='ocrx_word' id='word_1_216' title='bbox 201 2138 232 2170; x_wconf 92' lang='grc' dir='ltr'><em>Ο</em></span> <span class='ocrx_word' id='word_1_217' title='bbox 253 2142 283 2170; x_wconf 81' lang='lat' dir='ltr'>et</span> <span class='ocrx_word' id='word_1_218' title='bbox 305 2139 463 2171; x_wconf 73' lang='lat' dir='ltr'>Caesena-3</span> <span class='ocrx_word' id='word_1_219' title='bbox 598 2148 619 2170; x_wconf 77' lang='lat'>2</span> <span class='ocrx_word' id='word_1_220' title='bbox 641 2147 706 2170; x_wconf 88' lang='lat' dir='ltr'>om.</span> <span class='ocrx_word' id='word_1_221' title='bbox 734 2136 767 2168; x_wconf 90' lang='lat' dir='ltr'><em>O</em></span> <span class='ocrx_word' id='word_1_222' title='bbox 859 2137 984 2169; x_wconf 75' lang='lat' dir='ltr'>fauonii</span> <span class='ocrx_word' id='word_1_223' title='bbox 1007 2140 1035 2168; x_wconf 90' lang='grc' dir='ltr'><strong>Ω</strong></span> <span class='ocrx_word' id='word_1_224' title='bbox 1171 2147 1192 2178; x_wconf 85' lang='lat'>3</span> <span class='ocrx_word' id='word_1_225' title='bbox 1214 2135 1437 2179; x_wconf 76' lang='lat' dir='ltr'>apheliot(n)e</span> <span class='ocrx_word' id='word_1_226' title='bbox 1458 2139 1508 2167; x_wconf 79' lang='lat' dir='ltr'>n:</span> 
     </span>
     <span class='ocr_line' id='line_1_34' title="bbox 198 2180 518 2222; baseline 0 -9"><span class='ocrx_word' id='word_1_227' title='bbox 198 2181 366 2222; x_wconf 76' lang='lat' dir='ltr'>apeliotae</span> <span class='ocrx_word' id='word_1_228' title='bbox 383 2180 518 2213; x_wconf 68' lang='lat' dir='ltr'>Laetam.</span> 
     </span>
     <span class='ocr_line' id='line_1_35' title="bbox 242 2221 1509 2256; baseline -0.002 0"><span class='ocrx_word' id='word_1_229' title='bbox 242 2224 374 2256; x_wconf 82' lang='lat' dir='ltr'>XXVII</span> <span class='ocrx_word' id='word_1_230' title='bbox 394 2233 444 2256; x_wconf 72' lang='grc' dir='ltr'>Αο</span> <span class='ocrx_word' id='word_1_231' title='bbox 462 2231 666 2256; x_wconf 61' lang='lat' dir='ltr'>mucetum</span> <span class='ocrx_word' id='word_1_232' title='bbox 688 2230 779 2255; x_wconf 73' lang='lat' dir='ltr'>zvvu</span> <span class='ocrx_word' id='word_1_233' title='bbox 806 2224 854 2254; x_wconf 80' lang='lat' dir='ltr'>n:</span> <span class='ocrx_word' id='word_1_234' title='bbox 892 2222 927 2254; x_wconf 71' lang='lat' dir='ltr'>in</span> <span class='ocrx_word' id='word_1_235' title='bbox 950 2221 982 2254; x_wconf 92' lang='grc' dir='ltr'><em>Ο</em></span> <span class='ocrx_word' id='word_1_236' title='bbox 1000 2222 1207 2254; x_wconf 64' lang='lat' dir='ltr'>interstitium</span> <span class='ocrx_word' id='word_1_237' title='bbox 1232 2232 1298 2254; x_wconf 79' lang='lat' dir='ltr'>non</span> <span class='ocrx_word' id='word_1_238' title='bbox 1314 2225 1361 2254; x_wconf 69' lang='lat' dir='ltr'>m</span> <span class='ocrx_word' id='word_1_239' title='bbox 1488 2230 1509 2252; x_wconf 82' lang='lat'>2</span> 
     </span>
    </p>
   </div>
   <div class='ocr_carea' id='block_1_10' title="bbox 197 2263 1513 2393">
    <p class='ocr_par' dir='ltr' id='par_1_21' title="bbox 197 2263 1513 2393">
     <span class='ocr_line' id='line_1_36' title="bbox 199 2263 1507 2309; baseline -0.001 -12"><span class='ocrx_word' id='word_1_240' title='bbox 199 2266 315 2306; x_wconf 87' lang='lat' dir='ltr'>ingere</span> <span class='ocrx_word' id='word_1_241' title='bbox 330 2266 447 2299; x_wconf 66' lang='lat' dir='ltr'>codthes</span> <span class='ocrx_word' id='word_1_242' title='bbox 457 2269 586 2309; x_wconf 71' lang='lat' dir='ltr'>praeter</span> <span class='ocrx_word' id='word_1_243' title='bbox 597 2264 649 2298; x_wconf 81' lang='lat' dir='ltr'>B:</span> <span class='ocrx_word' id='word_1_244' title='bbox 673 2265 813 2306; x_wconf 80' lang='lat' dir='ltr'>iungere</span> <span class='ocrx_word' id='word_1_245' title='bbox 833 2263 886 2296; x_wconf 79' lang='lat' dir='ltr'>B:</span> <span class='ocrx_word' id='word_1_246' title='bbox 914 2265 1012 2305; x_wconf 82' lang='lat' dir='ltr'>inger</span> <span class='ocrx_word' id='word_1_247' title='bbox 1028 2268 1091 2296; x_wconf 80' lang='lat' dir='ltr'>tres</span> <span class='ocrx_word' id='word_1_248' title='bbox 1112 2264 1225 2297; x_wconf 62' lang='lat' dir='ltr'>eodm</span> <span class='ocrx_word' id='word_1_249' title='bbox 1241 2263 1325 2297; x_wconf 73' lang='lat' dir='ltr'>Gelli</span> <span class='ocrx_word' id='word_1_250' title='bbox 1335 2263 1379 2296; x_wconf 87' lang='lat' dir='ltr'>vi.</span> <span class='ocrx_word' id='word_1_251' title='bbox 1399 2273 1452 2296; x_wconf 69' lang='lat' dir='ltr'>no.</span> <span class='ocrx_word' id='word_1_252' title='bbox 1465 2265 1507 2296; x_wconf 85' lang='lat'>⁶:</span> 
     </span>
     <span class='ocr_line' id='line_1_37' title="bbox 197 2305 1509 2351; baseline -0.002 -10"><span class='ocrx_word' id='word_1_253' title='bbox 197 2309 296 2350; x_wconf 79' lang='lat' dir='ltr'>inger</span> <span class='ocrx_word' id='word_1_254' title='bbox 312 2309 484 2351; x_wconf 74' lang='grc' dir='ltr'><strong><em>εἴσκρασον</em></strong></span> <span class='ocrx_word' id='word_1_255' title='bbox 502 2309 591 2342; x_wconf 74' lang='lat' dir='ltr'>Thes.</span> <span class='ocrx_word' id='word_1_256' title='bbox 606 2308 709 2341; x_wconf 78' lang='lat' dir='ltr'>Gloss.</span> <span class='ocrx_word' id='word_1_257' title='bbox 721 2313 754 2350; x_wconf 87' lang='lat' dir='ltr'>p.</span> <span class='ocrx_word' id='word_1_258' title='bbox 767 2309 833 2348; x_wconf 84' lang='lat'>576</span> <span class='ocrx_word' id='word_1_259' title='bbox 849 2307 948 2340; x_wconf 74' lang='lat' dir='ltr'>Goetn</span> <span class='ocrx_word' id='word_1_260' title='bbox 1032 2318 1053 2348; x_wconf 87' lang='lat'>3</span> <span class='ocrx_word' id='word_1_261' title='bbox 1068 2307 1236 2348; x_wconf 84' lang='lat' dir='ltr'>postumie</span> <span class='ocrx_word' id='word_1_262' title='bbox 1247 2307 1296 2339; x_wconf 89' lang='lat'>0:</span> <span class='ocrx_word' id='word_1_263' title='bbox 1318 2305 1509 2347; x_wconf 70' lang='lat' dir='ltr'>posthumie</span> 
     </span>
     <span class='ocr_line' id='line_1_38' title="bbox 199 2348 1513 2393; baseline -0.001 -10"><span class='ocrx_word' id='word_1_264' title='bbox 199 2351 334 2384; x_wconf 78' lang='lat' dir='ltr'>GRVm</span> <span class='ocrx_word' id='word_1_265' title='bbox 460 2362 482 2392; x_wconf 76' lang='lat'><strong>⁴</strong></span> <span class='ocrx_word' id='word_1_266' title='bbox 505 2352 638 2385; x_wconf 74' lang='lat' dir='ltr'>ebriosa</span> <span class='ocrx_word' id='word_1_267' title='bbox 652 2351 750 2384; x_wconf 73' lang='lat' dir='ltr'>acina</span> <span class='ocrx_word' id='word_1_268' title='bbox 769 2349 982 2383; x_wconf 58' lang='lat' dir='ltr'>Pareamus:</span> <span class='ocrx_word' id='word_1_269' title='bbox 1007 2350 1196 2393; x_wconf 72' lang='lat' dir='ltr'>ebrios(a)e</span> <span class='ocrx_word' id='word_1_270' title='bbox 1215 2352 1244 2382; x_wconf 83' lang='grc' dir='ltr'><strong>Ω</strong></span> <span class='ocrx_word' id='word_1_271' title='bbox 1258 2353 1289 2383; x_wconf 77' lang='lat' dir='ltr'>ee</span> <span class='ocrx_word' id='word_1_272' title='bbox 1300 2348 1416 2382; x_wconf 69' lang='lat' dir='ltr'>oodn‘on</span> <span class='ocrx_word' id='word_1_273' title='bbox 1431 2348 1513 2382; x_wconf 69' lang='lat' dir='ltr'>Gaui</span> 
     </span>
    </p>
   </div>
  </div>
 </body>
</html>
