1592 2664
1043 68 1287 110 CARMEN
1316 66 1456 110 XXIX

131 198 233 226 eone
261 184 424 225 nomine
452 183 589 228 †urbis
618 183 945 235 opulentissime†

131 263 243 292 socer
269 263 478 302 generque,
509 248 734 301 perdidistis
762 247 925 287 omnia?

667 361 784 398 XXX

131 445 305 483 ALFENE
333 442 542 481 immemor
568 449 688 492 atque
716 440 914 480 unanimis
943 441 1039 479 false
1067 439 1270 480 sodalibus

132 508 210 547 iam
239 515 278 546 te
306 507 361 545 nil
390 506 560 555 miseret,
589 508 698 553 dure,
728 505 784 544 tui
814 505 940 544 dulcis
968 504 1162 544 amiculi?

133 572 211 612 iam
241 585 304 611 me
333 572 510 622 prodere,
541 571 619 610 iam
648 583 730 609 non
759 570 917 609 dubitas
946 571 1091 618 fallere,
1119 569 1299 620 perfide?

133 728 1351 741 -------------------

133 779 208 806 nec
237 766 339 805 facta
368 765 488 816 impia
516 766 699 804 fallacum
727 764 935 804 hominum
964 763 1161 803 caelicolis
1190 765 1358 814 placent.

132 844 235 882 quae
263 839 305 870 tu
334 830 506 882 neglegis
534 844 581 870 ae
610 844 674 870 me
703 829 888 869 miserum
917 829 1064 869 deseris
1093 829 1133 868 in
1162 829 1285 867 malis.
1442 845 1460 877 5

131 897 233 936 eheu
262 895 358 946 quid
386 895 542 943 saciant,
573 895 673 943 dice,
704 894 886 934 homines
915 894 1032 934 cuiue
1060 894 1233 933 habeant
1262 894 1415 932 fidem?

110 969 237 1003 certe
265 968 349 1000 tute
376 960 542 1000 iubebas
569 959 743 999 animam
772 960 935 1005 tradere,
965 958 1111 1010 inique,
1143 973 1207 998 me

133 1026 326 1066 inducens
354 1025 396 1064 in
423 1039 613 1074 amorem,
642 1025 755 1076 quasi
783 1031 868 1063 tuta
896 1024 1031 1063 omnia
1059 1024 1114 1062 mi
1143 1025 1281 1063 forent.

133 1091 240 1131 idem
269 1103 376 1130 nunc
403 1089 566 1129 retrahis
594 1097 633 1129 te
661 1103 707 1128 ac
736 1097 804 1128 tua
831 1089 938 1128 dicta
966 1089 1101 1128 omnia
1129 1090 1311 1139 factaque

134 1163 276 1194 uentos
304 1154 408 1209 irrita
435 1156 534 1194 ferre
560 1167 607 1194 ac
636 1154 801 1193 nebulas
829 1167 963 1193 aereas
992 1153 1097 1192 sinis.
1423 1169 1463 1191 10

135 1220 168 1259 si
196 1227 238 1259 tu
267 1219 412 1259 oblitus
441 1232 493 1267 es,
524 1226 564 1258 at
592 1218 633 1258 di
663 1218 937 1266 meminerunt,
970 1218 1151 1257 meminit
1180 1217 1309 1266 Fides,

135 1298 238 1336 quae
266 1292 305 1324 te
333 1292 376 1323 ut
405 1284 602 1335 paeniteat
630 1285 845 1335 postmodo
874 1283 966 1322 facti
995 1283 1110 1322 faciet
1138 1283 1206 1322 tui.

179 1399 222 1428 23
245 1387 357 1419 uerbis
371 1386 428 1418 D:
453 1386 552 1418 urbes
567 1397 588 1418 a
604 1390 633 1418 et
646 1386 742 1418 Bodl.
763 1385 836 1417 Lat.
859 1386 963 1418 Class.
980 1397 1003 1417 e.
1023 1395 1062 1426 15
1166 1387 1257 1417 urbis
1273 1397 1293 1418 o
1312 1387 1463 1426 piissime

136 1432 274 1463 Lachm.
293 1443 300 1462 ε
322 1431 416 1462 orbis
431 1441 452 1461 o
468 1430 634 1470 piissimei
649 1429 789 1470 Haupt:
815 1430 907 1461 urbis
924 1430 1146 1470 oppidissime
1162 1430 1285 1469 Heyse:
1309 1431 1403 1461 urbis
1419 1430 1463 1461 ob

137 1475 227 1506 luem
256 1475 399 1514 ipsimae
419 1473 566 1505 Munro:
592 1474 699 1504 immo
717 1483 799 1505 suae
815 1473 875 1505 lue.
898 1476 1031 1514 propter
1046 1484 1124 1504 eum
1147 1473 1205 1513 qui
1226 1474 1293 1504 lues
1312 1477 1342 1504 et
1361 1473 1465 1504 belues

137 1517 252 1558 (Goetz
271 1518 361 1549 171ae.
383 1516 487 1548 Gloss.
517 1527 548 1557 p.
572 1518 646 1558 136)
670 1520 717 1548 est
739 1516 828 1548 urbis
850 1527 931 1548 suae
951 1517 1191 1548 Formiarum:
1222 1527 1243 1547 o
1266 1517 1319 1548 bis
1343 1517 1465 1557 impro-

137 1561 266 1593 bissimi
281 1561 323 1593 E.
340 1559 387 1592 Μ
412 1560 442 1591 T
438 1560 598 1601 hompson
729 1571 770 1600 24
795 1570 900 1599 gener
915 1570 1078 1600 socerque
1097 1559 1189 1601 Verg.
1211 1560 1364 1601 Catalept.
1381 1561 1424 1592 iii.
1443 1562 1465 1591 6

180 1603 285 1636 XXX
307 1614 356 1635 Au
366 1613 562 1635 ALPHEan
577 1605 668 1644 (Au-⁴.
682 1603 798 1643 BLa1)
810 1606 836 1634 Ω
853 1615 861 1634 :
884 1604 918 1634 in
930 1603 959 1634 C
970 1603 1179 1635 interstitium
1191 1614 1256 1634 non
1269 1608 1315 1635 est
1385 1604 1463 1635 Car-

138 1658 212 1679 men
230 1647 312 1679 κατὰ
327 1645 383 1678 δύο
398 1647 569 1686 decurrere,
589 1658 654 1679 non
671 1651 710 1678 ut
727 1647 865 1678 Lachm.
884 1646 931 1678 ed.
946 1657 966 1677 2
977 1652 1039 1688 per
1046 1647 1199 1687 strophas
1210 1650 1461 1687 quaternorum,

138 1701 238 1732 neque
253 1695 293 1722 ut
306 1691 488 1722 Bluemner
504 1694 684 1730 ternorum,
700 1701 814 1722 censeo.
862 1690 1043 1722 Bluemner
1060 1701 1178 1722 uersus
1197 1690 1242 1722 sic
1260 1690 1468 1722 distribuebat

141 1744 171 1766 1.
189 1745 220 1767 2.
239 1744 269 1774 3.
287 1736 316 1767 6.
338 1745 367 1774 7.
385 1736 417 1767 8.
432 1745 463 1774 9.
483 1745 523 1765 10
550 1744 581 1774 5.
601 1746 630 1774 4.
647 1745 696 1767 11.
713 1744 763 1766 12.

184 1788 199 1809 1
223 1777 350 1810 Alfene
365 1777 419 1810 A:
452 1777 613 1818 Alphene
629 1781 656 1809 Ω
763 1777 853 1809 salse
872 1777 991 1809 GOR:
1019 1778 1107 1818 sflse
1127 1777 1195 1810 Ven
1335 1789 1356 1809 2
1379 1778 1466 1809 nihil

138 1821 258 1862 (nichil
275 1820 318 1861 G)
337 1824 364 1852 Ω
494 1831 515 1860 3
539 1821 605 1852 iam
622 1831 676 1852 me
700 1822 846 1861 prodere
862 1822 926 1852 iam
946 1831 1014 1852 non
1038 1831 1092 1852 me
1115 1822 1248 1853 dubitas
1271 1821 1292 1853 f.
1312 1832 1343 1862 p.
1360 1825 1386 1852 Ω
1402 1833 1409 1853 :
1442 1822 1463 1853 i.

139 1874 181 1897 m.
198 1874 230 1904 p.
247 1865 313 1896 iam
329 1874 384 1896 me
400 1868 467 1895 non
485 1865 516 1896 d.
535 1864 558 1896 f.
575 1875 607 1904 p.
623 1864 698 1895 AD
755 1864 837 1895 Post
850 1864 936 1896 lmnc
950 1875 984 1896 u.
1003 1864 1087 1896 duos
1101 1876 1157 1906 ego
1166 1869 1196 1896 et
1212 1865 1288 1896 Otto
1304 1865 1467 1897 credimus

138 1907 288 1940 exaunkse
372 1919 404 1947 4,
416 1917 435 1947 5
456 1911 530 1947 post
541 1918 579 1939 12
595 1908 830 1949 transponebat
844 1908 981 1941 Lachm.
1072 1919 1092 1947 4
1109 1909 1192 1940 haec
1204 1919 1225 1940 a
1322 1918 1342 1948 5
1365 1909 1466 1950 quae]

138 1961 224 1991 quos
249 1950 424 1989 Froehh'ch,
452 1950 543 1983 Gin':
574 1953 651 1991 quis
682 1951 777 1991 (abl.)
809 1951 991 1984 Richards:
1029 1962 1131 1992 quom
1158 1951 1284 1982 Munro
1308 1952 1465 1993 apodosin

129 1994 260 2033 san'ens
281 2005 314 2026 u.
341 1996 385 2033 6;
415 1994 455 2033 cst
479 1993 590 2026 Weber
612 1994 745 2034 Quaest.
772 1994 843 2028 Cat.
863 2001 898 2036 p.
923 2005 982 2034 137
1093 1996 1238 2035 negligis
1264 1998 1291 2026 Ω
1445 1997 1467 2026 6

139 2048 161 2068 o
183 2038 250 2069 heu
267 2040 293 2068 Ω
380 2037 455 2069 dice
472 2038 604 2079 scripsi:
636 2039 710 2069 dico
735 2041 760 2068 Ω
777 2050 784 2068 :
809 2038 863 2068 dic
881 2038 928 2071 ed.
951 2039 982 2070 T
978 2039 1054 2071 rinc.
1074 2039 1223 2070 Auantit'
1306 2038 1360 2070 cui
1378 2049 1422 2070 ne
1438 2043 1464 2070 Ω

140 2090 159 2120 7
184 2085 220 2112 tu
240 2085 275 2111 te
295 2080 427 2122 GRVen
530 2091 584 2112 me
607 2081 684 2112 add.
708 2081 907 2113 Auantius:
937 2092 1004 2114 om.
1030 2085 1056 2113 Ω
1190 2083 1211 2112 8
1234 2083 1279 2112 sic
1294 2081 1337 2113 h:
1367 2083 1465 2122 quasi

139 2124 252 2155 omnia
272 2124 352 2164 (om.
371 2126 458 2160 tuta)
477 2124 525 2157 0:
554 2125 649 2164 quasi
672 2125 784 2155 omnia
806 2129 878 2156 tuta
901 2129 966 2158 cett.
1097 2137 1119 2165 9
1143 2126 1232 2157 idem
1258 2125 1332 2157 ΟαΙι
1355 2125 1464 2159 Laur-

139 2177 193 2207 33.
220 2177 282 2198 12:
319 2168 399 2199 inde
431 2167 627 2199 GACDLa¹
643 2180 650 2200 :
685 2168 766 2199 inde
797 2168 838 2209 al.
872 2169 962 2199 idem
989 2168 1127 2200 RBVen
1281 2179 1321 2200 10
1343 2174 1466 2201 uentos

138 2210 269 2243 Acah:
302 2215 407 2242 uento
436 2210 666 2242 GORBLa¹D
800 2222 835 2243 11
861 2213 907 2243 sic
931 2215 956 2243 Ω
984 2213 1051 2242 nisi
1074 2212 1163 2252 quod
1188 2218 1223 2244 ut
1248 2213 1304 2252 dii,
1334 2223 1400 2243 non
1431 2218 1466 2244 at

141 2254 174 2285 di
196 2254 335 2285 habent:
366 2259 402 2288 at
427 2254 473 2286 dii
500 2255 722 2286 meminerunt
748 2259 782 2286 at
808 2256 960 2287 meminit
986 2256 1072 2287 fides
1098 2256 1196 2287 codex
1222 2256 1314 2287 Add.
1348 2258 1465 2297 11,674

141 2297 252 2330 Musei
262 2297 467 2331 Britannici:
491 2298 687 2339 meminere,
704 2303 738 2331 at
754 2297 908 2331 Muretus
