1682 2690
286 147 528 187 CATVLLI

868 255 980 292 LXX

286 335 418 374 NVLm
448 347 489 374 se
517 333 612 374 dicit
640 333 778 373 mulier
806 346 893 372 mea
920 333 1068 372 nubere
1095 335 1211 374 malle

338 411 456 449 quam
486 398 592 446 mihi,
623 411 702 437 non
731 397 762 436 si
791 411 833 436 se
863 397 1038 448 Iuppiter
1065 397 1149 448 ipse
1176 405 1292 449 petat.

285 461 402 501 dicit:
440 463 510 501 sed
538 461 676 501 mulier
702 460 848 512 cupido
877 462 984 511 quod
1013 460 1107 500 dicit
1134 462 1291 510 amanti,

338 525 378 564 in
406 533 526 565 uento
554 533 592 565 et
620 526 754 577 rapida
781 525 947 565 scribere
975 533 1128 577 oportet
1154 538 1266 577 aqua.

852 635 983 672 LXXI

286 714 327 752 Sl
357 713 461 764 quoi,
492 714 615 762 Virro,
646 714 754 753 bono
782 726 889 753 sacer
916 713 1104 752 introsum
1133 713 1283 754 obstitit
1310 714 1452 763 hircus,

337 785 404 816 aut
432 777 464 815 si
492 790 610 828 quam
640 777 778 816 merito
805 778 915 816 tarda
942 777 1114 827 podagra
1141 785 1257 825 secat,

284 842 460 880 aemulus
489 841 560 880 iste
588 847 688 888 tuus,
719 840 786 891 qui
814 847 986 879 uestrum
1017 849 1166 880 exercet
1194 854 1379 889 amorem,

339 904 498 944 mirifice
526 913 583 944 est
610 918 634 944 a
662 912 700 944 te
728 912 865 944 nactus
893 912 1100 955 utrumque
1129 906 1285 944 malum.

285 982 376 1008 nam
405 969 585 1019 quotiens
614 969 739 1016 futuit,
770 968 912 1007 totiens
942 968 1138 1007 ulciscitur
1163 969 1326 1009 ambos:
1574 984 1594 1018 5

339 1033 443 1072 illam
471 1032 603 1083 affligit
631 1034 762 1079 odore,
794 1031 875 1082 ipse
904 1031 1001 1082 perit
1029 1032 1210 1082 podagra.

842 1140 999 1178 LXXII

287 1222 469 1260 Dicssssas
497 1222 698 1271 quondam
726 1222 854 1260 solum
882 1228 921 1259 te
949 1233 1064 1259 nosse
1093 1220 1302 1267 Catullum,

339 1284 491 1332 Lesbia,
522 1298 595 1344 nec
623 1297 715 1335 prae
743 1297 806 1323 me
835 1285 936 1323 uelle
963 1291 1095 1323 tenere
1123 1285 1273 1323 Iouem.

285 1348 402 1389 dilexi
430 1356 514 1387 tum
543 1356 581 1388 te
609 1362 690 1388 non
718 1355 870 1387 tantum
899 1355 941 1386 ut
969 1349 1108 1399 uulgus
1135 1347 1313 1396 amicam,

337 1414 407 1452 sed
434 1419 543 1463 pater
570 1419 613 1451 ut
641 1419 753 1451 natos
781 1411 906 1462 diligit
933 1418 972 1450 et
999 1424 1172 1462 generos.

284 1489 390 1515 nunc
418 1483 456 1516 te
484 1475 677 1526 cognoui:
714 1488 832 1526 quare
860 1475 931 1514 etsi
960 1474 1174 1525 impensius
1202 1488 1302 1523 uror,
1574 1493 1593 1526 5

338 1542 461 1580 multo
489 1539 567 1580 mei
595 1547 727 1579 tamen
754 1553 796 1579 es
824 1539 937 1578 uilior
964 1547 1002 1578 et
1030 1538 1161 1578 leuior.

283 1604 351 1659 qiii
379 1604 480 1655 potis
509 1606 597 1643 est?
633 1603 772 1654 inquis.
830 1604 951 1652 Quod
978 1610 1175 1642 amantem
1203 1603 1343 1643 iniuria
1369 1604 1456 1644 talis

336 1668 439 1718 cogit
466 1680 597 1707 amare
625 1667 757 1718 magis,
787 1667 857 1706 sed
886 1666 988 1706 bene
1017 1667 1117 1706 uelle
1146 1666 1285 1706 minus.

326 1770 422 1802 Lxx
444 1780 519 1802 cum
535 1768 658 1800 LXIX
669 1770 880 1800 continuatur
899 1770 933 1799 in
948 1768 1111 1808 codic-thus,
1130 1769 1220 1801 nullo
1240 1770 1344 1811 spatio
1365 1771 1465 1802 ηΙῐι-ιο
1574 1781 1590 1803 1

283 1813 369 1845 male
382 1812 479 1852 OLa}
566 1823 587 1844 a
602 1812 807 1853 iuppiterR:
826 1812 948 1851 iupiter
955 1810 1197 1844 GOVenCAha
1284 1823 1304 1852 ⁴
1320 1813 1355 1844 in
1366 1814 1445 1845 uino
1454 1813 1593 1856 Blaydes

325 1855 438 1887 LXXI
462 1865 538 1887 cum
555 1853 658 1887 LXX
669 1855 859 1886 continuant
880 1853 1006 1894 codazes,
1023 1853 1113 1885 nullo
1127 1855 1232 1896 spatio
1247 1855 1347 1887 relic-m
1434 1866 1448 1887 1
1475 1856 1511 1888 si
1526 1866 1592 1897 qua

283 1900 366 1939 (quo
382 1898 485 1930 Laur.
501 1908 552 1938 33.
572 1908 622 1938 12,
637 1908 703 1938 qua
719 1897 762 1929 al.
778 1908 845 1938 quo
861 1896 909 1937 R)
927 1897 1001 1929 uiro
1017 1897 1105 1928 bono
1120 1907 1288 1930 sacrorum
1308 1899 1528 1938 (sacratorum
1545 1897 1590 1942 0)

280 1941 410 1974 obstitit
425 1941 545 1979 (obstit
560 1939 596 1971 D
611 1944 641 1972 et
656 1940 690 1972 R
707 1952 752 1973 m.
763 1940 833 1981 pr.)
852 1940 965 1971 hircus
980 1939 1067 1971 codd.
1086 1950 1095 1971 τ
1118 1940 1147 1971 si
1162 1941 1243 1981 quoi
1258 1939 1359 1972 Virro
1373 1940 1590 1974 Parrhasius:

280 1985 309 2015 si
332 1984 412 2024 quoi
437 1984 508 2015 iure
524 1981 696 2015 Palladius
782 1993 879 2015 sacer
900 1983 1062 2014 introsum
1085 1983 1215 2024 scripsi:
1240 1993 1336 2015 sacer
1352 1983 1479 2016 alarum
1499 1983 1588 2026 Calp.

283 2027 363 2066 1481
431 2025 468 2057 Si
485 2025 564 2067 quoi
580 2026 651 2057 iure
668 2025 786 2058 Bonae
802 2030 1006 2058 sacratorum
1021 2035 1052 2057 o.
1070 2025 1104 2056 h.
1120 2025 1281 2057 Fmehhch
1296 2038 1304 2058 =
1328 2026 1365 2058 Si
1380 2027 1470 2067 quoi,
1487 2026 1590 2066 vare,

280 2070 387 2100 bonae
399 2073 601 2101 sectatorum
616 2079 649 2100 o.
666 2069 700 2101 h.
715 2069 854 2100 Palmer
989 2077 1010 2099 ε
1031 2077 1131 2107 quam
1147 2070 1174 2098 Ω
1188 2079 1196 2100 :
1219 2079 1318 2109 quem
1328 2073 1365 2110 p,
1380 2069 1503 2111 uulgoz
1525 2080 1590 2110 qua

279 2110 404 2143 Munro
476 2116 568 2143 secat
585 2112 691 2153 (serat
706 2113 743 2154 a)
759 2111 858 2152 Dap:
881 2114 999 2142 secunt
1016 2109 1066 2142 O:
1089 2119 1204 2143 secum
1221 2114 1248 2142 Ω
1365 2122 1386 2151 4
1408 2122 1429 2143 n
1443 2110 1497 2154 te]
1521 2111 1591 2144 sato

278 2152 459 2229 ΗὶἍῗῗ
475 2206 524 2228 Α»
540 2205 688 2229 mmm«
705 2200 732 2228 Ω
748 2207 756 2228 =
779 2197 924 2238 spamam
939 2195 1043 2227 unius
1058 2205 1172 2227 uersus
1185 2196 1221 2227 in
1237 2195 1305 2228 OD
1438 2206 1459 2228 2
1481 2197 1590 2238 prime

281 2239 312 2270 Ο
327 2250 336 2271 z
359 2250 422 2280 per
435 2250 490 2272 me
508 2238 538 2270 G
697 2249 719 2279 3
742 2242 822 2271 tunc
836 2238 873 2270 D
1048 2240 1070 2269 6
1091 2238 1219 2270 multo'¹
1233 2249 1286 2271 me
1304 2239 1370 2272 ''ita
1385 2248 1447 2271 uec
1463 2238 1493 2272 C
1504 2238 1591 2273 unde

277 2282 528 2357 {ww
523 2283 594 2357 33
606 2282 833 2365 (33330
847 2286 1159 2356 mam·
1138 2286 1339 2357 3333,
1419 2333 1451 2365 ,.
1463 2282 1589 2366 we:

278 2367 431 2399 Catullus
449 2366 559 2409 ‘cogit
574 2390 582 2400 .
600 2389 608 2400 .
627 2391 634 2400 .
653 2366 787 2400 minus-⁹
