1650 2684
252 139 491 180 CATVLLI

251 251 321 290 sed
349 250 417 290 ubi
446 249 523 291 oris
550 251 656 291 aurei
684 251 751 291 Sol
779 250 1020 291 radiantibus
1047 249 1172 291 oculis

251 314 426 355 lustrauit
452 316 610 355 aethera
636 316 781 363 album,
811 317 895 355 sola
921 316 1028 363 dura,
1059 328 1164 355 mare
1192 316 1331 364 ferum,
1514 329 1560 365 4ο

251 379 477 430 pepulitque
504 379 631 419 noctis
658 379 816 419 umbras
844 379 992 430 uegetis
1019 378 1285 430 sonipedibus,

251 442 305 482 ibi
333 444 503 482 Somnus
531 442 699 482 excitum
728 442 840 482 Attin
867 442 1019 494 fugiens
1046 442 1145 482 citus
1171 441 1292 482 abiit:

251 506 469 557 trepidante
498 519 588 546 eum
617 507 762 558 recepit
789 508 864 546 dea
893 506 1074 546 Pasithea
1101 506 1198 546 sinu.

251 570 304 609 ita
331 571 382 609 de
409 569 541 620 quiete
568 570 677 609 molli
705 570 839 622 rapida
867 570 951 610 sine
978 570 1084 610 rabie

251 633 366 672 simul
394 633 477 684 ipse
506 641 663 684 pectore
691 634 794 673 Attis
822 647 892 675 sua
919 635 1021 674 facta
1047 634 1220 682 recoluit,
1515 650 1558 684 ⁴5

252 697 478 748 liquidaque
507 705 638 736 mente
666 697 765 737 uidit
793 697 877 738 sine
904 698 1015 748 queis
1043 698 1190 749 ubique
1218 699 1327 746 foret,

251 760 384 800 animo
411 768 614 800 aestuante
642 773 775 800 rusum
803 761 971 801 reditum
999 762 1058 801 ad·
1078 762 1181 801 uada
1207 762 1345 802 tetulit.

252 824 306 863 ibi
336 824 455 863 maria
483 832 594 863 uasta
621 824 753 864 uisens
780 824 1072 864 lacrimantibus
1100 825 1235 872 oculis,

251 888 413 939 patriam
441 890 611 927 allocuta
639 896 822 928 maestast
851 889 904 927 ita
932 901 1031 928 uoce
1060 886 1257 928 miseriter.

254 955 264 972 ‘
278 951 400 1002 patria
427 965 452 991 o
480 952 557 991 mei
585 952 757 1000 creatrix,
787 952 909 1003 patria
937 965 962 991 o
990 965 1078 991 mea
1104 951 1288 1003 genetrix,
1516 967 1562 1001 50

251 1028 324 1066 ego
352 1028 470 1066 quarn
501 1015 615 1055 miser
642 1015 875 1066 relinquens,
906 1015 1090 1055 dominos
1117 1023 1160 1055 ut
1188 1015 1385 1067 herifugae

252 1079 385 1118 famuli
413 1081 551 1127 solent,
581 1080 633 1119 ad
663 1080 759 1119 Idae
786 1079 896 1119 tetuli
924 1092 1085 1119 nemora
1111 1080 1266 1130 pedem,

251 1150 294 1182 ut
320 1150 416 1194 aput
443 1142 576 1182 niuem
605 1150 644 1182 et
671 1144 836 1182 serarum
864 1142 992 1194 gelida
1019 1142 1173 1182 stabula
1198 1143 1336 1192 sorem,

252 1214 290 1246 et
318 1219 451 1246 earum
479 1206 613 1246 omnia
638 1206 787 1245 adirem
815 1205 1025 1246 furibunda
1053 1205 1223 1254 latibula,

252 1270 413 1310 ubinam
441 1277 508 1310 aut
536 1269 679 1321 quibus
707 1269 803 1310 locis
831 1276 870 1309 te
897 1269 1075 1321 positam,
1105 1269 1238 1320 patria,
1268 1272 1385 1310 reor?
1520 1285 1561 1319 55

252 1334 360 1385 cupit
388 1334 473 1385 ipsa
500 1335 647 1385 pupula
673 1334 725 1373 ad
754 1340 792 1372 te
820 1332 894 1372 sibi
922 1333 1086 1384 dirigere
1113 1333 1249 1382 aciem,

252 1398 359 1438 rabie
387 1399 467 1438 fera
494 1411 628 1437 carens
657 1399 752 1438 dum
781 1397 901 1437 breue
929 1405 1083 1448 tempus
1110 1398 1265 1437 animus
1291 1406 1361 1438 est.

253 1475 378 1513 egone
404 1474 429 1501 a
456 1474 544 1501 mea
571 1469 721 1501 remota
748 1463 846 1500 haec
872 1462 972 1500 ferar
998 1461 1039 1500 in
1067 1475 1228 1502 nemora
1255 1463 1407 1502 domo?

254 1525 387 1577 patria,
417 1525 542 1573 bonis,
572 1525 719 1574 amicis,
748 1525 989 1576 genitoribus
1016 1526 1166 1565 abero?

253 1628 348 1660 Bodl.
367 1627 440 1660 Lat.
461 1628 563 1661 class.
582 1638 608 1660 e.
627 1638 686 1669 15:
713 1628 796 1660 abiit
813 1632 878 1661 cett.
967 1627 1058 1660 molli
1079 1628 1196 1661 Festus
1213 1634 1247 1670 p.
1267 1638 1331 1670 374
1351 1639 1415 1661 von
1430 1628 1559 1661 Ponor:

254 1671 364 1703 mollis
380 1674 407 1702 Ω
483 1671 620 1703 rabidus
634 1671 761 1713 Festus,
778 1670 942 1703 GORVen
954 1671 1071 1703 ACD:
1093 1672 1200 1703 rabidi
1211 1671 1311 1703 Βίαι
1323 1671 1408 1704 Phil.

253 1714 484 1788 sirati&
497 1714 760 1788 Pssssiassiffnn
858 1713 1242 1788 :iffissfffflzssd
1257 1714 1451 1788 fflfico‘ffi
1457 1725 1561 1788 »2223

254 1799 348 1830 athin
372 1798 504 1831 BLa¹A
634 1809 677 1839 43
699 1768 923 1840 trepidaiitem
946 1799 981 1831 R
1080 1809 1158 1831 eum
1175 1798 1264 1831 La'a
1286 1803 1316 1830 et
1337 1799 1384 1830 sic
1406 1810 1494 1830 nunc
1516 1799 1560 1838 R,

254 1853 460 1883 quamquam
474 1845 577 1884 potest
593 1852 631 1873 ex
651 1852 726 1874 cum
746 1846 917 1874 correctum
935 1841 1058 1874 uideri:
1082 1851 1155 1874 cum
1173 1840 1340 1873 GOVenD
1353 1844 1384 1873 et
1399 1841 1561 1883 plerique:

253 1895 353 1924 quem
373 1884 502 1925 Bentley
587 1885 740 1926 pasitheo
764 1888 791 1916 Ω
921 1894 963 1925 45
986 1885 1061 1925 ipsa
1075 1884 1134 1916 Al.
1157 1884 1327 1916 Guarinus
1412 1884 1494 1916 attis
1510 1883 1562 1916 G:

253 1928 338 1959 actis
354 1926 483 1959 Rnnc
494 1939 501 1959 :
523 1928 607 1959 atris
625 1927 656 1958 Ο
791 1928 835 1967 46
856 1927 998 1968 sineque
1012 1927 1042 1959 is
1059 1927 1111 1959 O:
1132 1926 1275 1967 sineque
1293 1926 1347 1958 his
1362 1928 1389 1958 Ω
1518 1936 1560 1966 47

255 1974 432 2002 aestuante
452 1980 565 2002 rusum
585 1969 763 2003 Vncton'us:
785 1975 958 2002 estuanter
977 1979 1072 2001 usum
1087 1973 1115 2001 Ω
1217 1969 1328 2001 tetulit
1345 1968 1435 2011 Calp.
1457 1970 1535 2008 1⁴8¹
1552 1979 1561 2000 t

255 2013 370 2044 retulit
385 2015 412 2043 Ω
575 2022 619 2053 49
641 2014 783 2053 patriam
798 2013 942 2044 allocuta
957 2016 1010 2044 est
1037 2013 1082 2044 ita
1097 2022 1180 2044 uoce
1195 2011 1363 2043 miseriter
1377 2012 1561 2052 (miseritus

257 2054 442 2087 ORBLa12
468 2055 638 2087 miseritus
657 2055 700 2087 al.
724 2055 891 2087 miscriter
906 2055 936 2087 G
955 2054 1035 2094 Vm)
1057 2056 1215 2086 maiestas
1232 2055 1453 2095 (magestates
1468 2053 1512 2095 Ο)
1533 2057 1560 2086 Ω

256 2098 400 2130 Coma-it
427 2097 599 2129 Auantn'us
624 2098 658 2129 iu
687 2097 735 2131 ed.
774 2097 878 2130 Tn‘nc.
939 2097 1082 2129 Patriam
1104 2108 1134 2129 a.
1167 2107 1251 2129 uoce
1276 2102 1330 2129 est
1359 2097 1405 2128 ita
1433 2102 1560 2128 maesta

254 2141 422 2172 miscriter
438 2140 636 2183 Calpurnius
650 2141 729 2180 1481
822 2150 865 2181 5ο
886 2140 1044 2180 genetrix
1062 2139 1091 2171 G
1105 2152 1114 2172 ε
1135 2139 1281 2180 genitrix
1298 2138 1427 2170 ORVm
1516 2148 1561 2179 52

253 2183 349 2215 tetuli
374 2183 426 2216 O:
448 2183 545 2215 retuli
568 2186 595 2214 Ω
738 2193 781 2224 53
803 2189 838 2215 ut
858 2187 959 2224 caput
977 2184 1014 2225 (d
1025 2182 1074 2224 R)
1097 2185 1123 2214 Ω
1209 2181 1340 2214 stabilia
1363 2181 1404 2221 O,
1421 2181 1517 2222 pn‘us
1532 2180 1562 2212 G

254 2236 293 2266 54
318 2230 352 2258 et
367 2236 481 2258 earum
497 2227 540 2258 ad
556 2226 669 2258 omnia
685 2225 766 2257 irem
783 2226 828 2259 ed.
849 2225 952 2257 Trinc.
968 2236 976 2257 ε
999 2226 1041 2257 ad
1063 2226 1156 2257 inuia
1171 2225 1253 2257 irem
1270 2223 1420 2256 sear-ku:
1442 2228 1479 2255 ut
1495 2225 1560 2255 ima

252 2270 303 2300 ad.
322 2268 476 2310 Postgate
601 2271 645 2309 56
666 2268 791 2309 pupula
804 2267 861 2299 D:
897 2268 1021 2309 popula
1037 2273 1108 2300 atte
1127 2270 1196 2310 (fite
1211 2267 1268 2300 D:
1298 2271 1373 2299 acte
1394 2264 1508 2307 BLa¹)
1532 2269 1558 2298 Ω

253 2313 294 2351 58
318 2311 381 2343 hoc
399 2311 727 2353 carpentoractensis:
750 2322 795 2342 an
812 2312 898 2343 huc?
