1682 2690
1042 106 1285 149 CARMEN
1313 106 1473 146 LXVII

710 230 842 259 ιΑΝνΑ

144 284 268 338 Atqui
297 299 379 326 non
408 285 537 326 solum
565 285 643 325 hoc
672 298 715 325 se
743 284 840 325 dicit
867 282 1071 336 cognitum
1099 283 1246 323 habere

199 351 330 391 Brixia
357 351 512 392 Chinea
539 350 744 402 supposita
772 350 944 401 specula,

145 417 271 455 flauus
299 429 420 467 quam
450 415 559 455 molli
588 414 777 467 percurrit
806 414 970 454 flumine
1000 415 1134 463 Mella,

200 481 330 520 Brixia
358 483 542 521 Veronae
570 487 695 520 mater
722 486 854 519 amata
882 492 1006 527 meae,

144 546 216 585 sed
244 546 296 585 de
326 545 532 585 Postumio
561 552 600 584 et
629 544 791 586 Corneli
819 551 949 584 narrat
977 557 1122 592 amore,
1436 560 1476 593 35

198 623 290 649 cum
319 610 464 662 quibus
493 610 560 650 illa
588 612 737 649 malum
766 610 859 650 fecit
886 609 1135 650 adulterium.

144 674 284 715 dixerit
312 675 377 714 hic
405 674 572 726 aliquis:
611 675 739 726 quid?
776 682 818 714 tu
847 674 978 722 istaec,
1011 675 1139 723 ianua,
1171 674 1306 714 nosti?

198 739 263 779 cui
291 753 510 791 numquam
541 740 695 780 domini
724 740 860 780 limine
888 740 1029 780 abesse
1056 739 1160 788 licet,

144 818 219 845 nec
246 806 440 857 populum
469 806 701 854 auscultare,
732 806 804 846 sed
832 804 898 845 hic
927 806 1064 844 suffixa
1092 805 1216 857 tigillo

198 877 352 910 tantum
382 869 534 921 operire
562 871 666 910 soles
693 877 762 910 aut
789 869 940 922 aperire
967 871 1164 910 domum?
1436 887 1479 919 40

145 948 263 987 saepe
291 934 399 975 illam
427 935 564 975 audiui
593 935 738 975 furtiua
765 948 866 975 uoce
895 937 1126 986 loquentem

198 1002 323 1040 solam
352 1013 445 1040 cum
474 999 626 1040 ancillis
656 1001 755 1040 haec
784 1013 855 1040 sua
883 999 1039 1051 flagitia,

144 1065 308 1105 nomine
335 1065 536 1105 dicentem
564 1078 666 1117 quos
695 1064 877 1113 diximus,
909 1072 952 1104 ut
981 1072 1075 1116 pote
1103 1077 1206 1116 quae
1234 1065 1289 1104 mi

199 1138 370 1182 speraret
399 1144 473 1170 nec
501 1130 677 1181 linguam
705 1143 792 1170 esse
820 1143 895 1169 nec
923 1129 1151 1169 auriculam.

144 1203 345 1247 praeterea
372 1196 547 1236 addebat
576 1197 789 1246 quendam,
820 1208 941 1246 quem
970 1195 1102 1234 dicere
1130 1197 1224 1235 nolo
1436 1214 1454 1243 4
1460 1213 1477 1245 5

198 1261 372 1309 nomine,
404 1274 455 1300 ne
483 1262 596 1300 tollat
624 1261 742 1300 rubra
771 1260 989 1312 supercilia.

144 1327 285 1378 longus
313 1328 437 1366 homo
465 1333 535 1374 est,
566 1338 729 1378 magnas
757 1325 822 1366 cui
850 1325 938 1366 lites
965 1325 1096 1365 intulit
1124 1325 1219 1365 olim

198 1392 340 1430 falsum
370 1390 554 1431 mendaci
582 1398 721 1430 uentre
748 1389 1011 1442 puerperium.

187 1506 227 1537 31
252 1497 299 1528 sic
311 1496 368 1529 Da
384 1508 392 1528 ε
421 1507 459 1528 se
476 1496 557 1529 dicit
573 1507 639 1529 om.
659 1497 723 1528 hoc
745 1496 774 1528 G
789 1507 797 1527 :
821 1496 886 1527 hoc
902 1495 983 1527 dicit
1000 1505 1037 1527 se
1053 1494 1105 1527 Oh
1122 1506 1130 1526 z
1154 1506 1191 1527 se
1208 1495 1290 1527 dicit
1306 1495 1371 1528 hoc
1382 1495 1477 1527 BCA

144 1539 369 1572 Laurentiani
425 1541 527 1572 Verus
549 1540 628 1572 ordo
651 1540 749 1572 elucet
770 1550 810 1571 ex
832 1539 917 1572 Bod.
937 1539 1011 1571 Lat.
1037 1539 1141 1571 Class.
1164 1551 1189 1572 e.
1211 1549 1250 1579 15
1281 1550 1348 1571 non
1372 1541 1481 1572 solum

146 1585 251 1616 hosce
274 1585 355 1616 dicit
377 1584 442 1616 hoc
458 1596 466 1616 ε
499 1594 582 1615 nam
607 1584 673 1616 hoc
696 1594 735 1615 se
751 1587 900 1624 corrupto
915 1583 950 1614 in
966 1584 1082 1622 hosce,
1097 1583 1237 1614 alterum
1253 1583 1318 1615 hoc
1335 1584 1480 1614 inlatum

145 1631 191 1659 est
300 1637 343 1667 32
367 1628 499 1659 Chinea
516 1628 732 1669 suppositum
748 1627 887 1668 specula
915 1630 941 1657 Ω
958 1638 965 1657 :
989 1626 1128 1666 Cycnea
1143 1626 1315 1658 Zanchius
1329 1626 1369 1658 de
1386 1626 1477 1668 Ortjg.

148 1670 346 1703 Oroln'orum
358 1671 430 1703 Lib.
444 1671 489 1704 II.
499 1675 536 1712 p.
555 1669 614 1710 47b
628 1681 636 1702 t
659 1681 811 1711 cyaneae
823 1680 849 1703 s.
866 1670 1027 1710 speculae
1039 1670 1230 1702 Cranstoun
1304 1671 1482 1711 supposita

147 1714 331 1755 Caprioh'us
354 1715 479 1747 Chron.
503 1714 542 1746 de
564 1714 656 1746 rebus
678 1713 992 1754 Bn'xianorumsol.
1019 1714 1084 1744 iiii*
1235 1723 1289 1754 33,
1318 1724 1360 1753 34
1384 1715 1482 1746 inter-

139 1759 270 1799 polatos
284 1758 417 1790 credidit
429 1758 539 1800 Scipio
554 1758 680 1799 Maffd,
696 1768 718 1789 a
732 1758 896 1789 Bn'xiano
912 1757 1061 1797 confictos
1070 1756 1209 1788 Palmer
1325 1767 1367 1797 33
1384 1768 1480 1798 prae-

145 1802 248 1833 currit
271 1801 319 1834 ed.
345 1802 448 1835 Tn'nc.
469 1805 499 1834 et
511 1801 557 1833 sic
573 1801 748 1833 Cluuerius
830 1801 948 1842 Mella]
966 1801 1056 1832 melo
1069 1800 1119 1832 0:
1145 1800 1246 1832 mello
1264 1805 1331 1833 cett.
1437 1811 1479 1842 34

145 1845 256 1887 meae]
283 1846 360 1877 uice
383 1856 405 1877 a
529 1854 571 1886 35
598 1844 711 1885 posth.
742 1843 912 1876 GORVen
1044 1853 1086 1884 37
1111 1844 1164 1886 his
1187 1844 1364 1886 (suprascr.
1387 1844 1422 1886 c)
1447 1846 1482 1876 R

145 1889 224 1928 quid
244 1890 348 1929 (quod
366 1888 448 1931 La¹)
465 1893 502 1921 tu
518 1889 602 1920 istec
620 1889 700 1930 (iste
714 1887 794 1929 GO)
805 1890 833 1919 Ω
847 1899 854 1919 :
875 1888 934 1927 qui
944 1886 1025 1919 Ald.
1040 1887 1062 1918 I
1156 1897 1200 1927 39
1223 1888 1278 1919 hic
1290 1888 1369 1929 Dap
1383 1899 1391 1921 ι
1417 1888 1480 1919 hec

145 1935 197 1963 n:
220 1932 285 1963 hoc
306 1933 329 1964 Ιι
351 1936 382 1964 et
404 1932 506 1965 Laur.
525 1942 579 1972 33.
599 1942 638 1963 12
769 1942 809 1971 41
837 1932 951 1963 audiui
975 1930 1095 1963 GOD:
1120 1932 1251 1963 audiuit
1276 1930 1483 1963 RVenACB

145 1975 370 2008 Laurentiani
454 1987 497 2016 42
519 1976 593 2008 sola
605 1985 679 2007 cum
693 1974 774 2015 (om.
785 1975 856 2017 Da)
871 1975 1024 2006 conciliis
1038 1975 1206 2015 (concillis
1219 1975 1265 2015 Ο)
1276 1974 1383 2007 codd.:
1408 1975 1481 2006 sola

145 2029 222 2050 cum
240 2019 315 2051 aliis
335 2019 378 2052 al.
401 2019 555 2052 conciliis
575 2019 642 2050 Ven
658 2030 666 2050 ε
691 2029 767 2050 cum
791 2018 922 2050 ancillis
942 2018 1150 2050 Robortellus
1167 2022 1207 2049 ut
1222 2018 1305 2050 mihi
1325 2018 1484 2050 indicauit

145 2062 300 2103 Bywater
424 2074 467 2104 44
490 2068 645 2104 speraret
674 2062 878 2104 Calpurnius
891 2073 898 2094 :
940 2067 1079 2102 sperent
1106 2061 1159 2093 Oh
1175 2073 1183 2093 :
1221 2067 1361 2102 sperent
1395 2062 1459 2093 GR
1473 2074 1481 2094 τ

146 2111 263 2146 speret
280 2105 412 2138 CDVen
544 2116 586 2146 45
610 2106 783 2138 addebant
796 2105 826 2137 Ο
958 2107 1001 2145 46
1026 2105 1084 2147 ne]
1104 2110 1138 2136 te
1152 2104 1355 2137 GORVenA
1372 2105 1478 2138 Laur.

145 2159 199 2188 33.
216 2159 254 2181 12
367 2160 409 2190 47
433 2154 487 2182 est
502 2161 569 2182 om.
589 2161 610 2181 a
625 2153 655 2181 et
666 2150 759 2182 Dm.
771 2154 825 2191 pr.
901 2149 971 2191 cui]
989 2149 1047 2189 qui
1063 2148 1152 2181 cedd.
1258 2151 1302 2189 48
1325 2149 1479 2180 mendaci

146 2192 203 2223 Da
218 2204 226 2224 :
249 2194 418 2225 mendacii
435 2193 502 2235 (·tii
517 2193 622 2235 BRh)
640 2196 667 2224 Ω
