1682 2690
241 124 481 165 CATVLLI

294 233 421 279 fertur,
452 232 519 283 qui
549 239 605 272 tot
634 245 693 272 res
722 232 762 271 in
791 245 833 271 se
861 231 981 272 habet
1009 231 1190 282 egregias,

240 296 450 347 aucupium
480 309 598 335 omne
625 309 759 347 genus,
789 295 906 347 piscis
936 302 1044 346 prata
1071 307 1164 335 arua
1191 297 1380 347 serasque.

293 359 556 410 nequiquam:
593 360 738 398 fructus
766 358 988 410 sumptibus
1016 366 1229 410 exsuperat.

240 437 359 475 quare
386 424 564 463 concedo
592 422 641 462 sit
668 422 792 471 diues,
822 424 917 463 dum
947 422 1080 462 omnia
1107 423 1246 462 desint.
1528 438 1548 472 5

293 488 432 526 saltum
462 487 676 534 laudemus,
707 487 803 526 dum
832 488 1012 528 †modo†
1040 486 1123 538 ipse
1150 494 1271 537 egeat.

813 596 925 636 CXV

242 677 451 715 MENTVLA
479 675 597 715 habet
625 675 744 714 instar
771 674 925 726 triginta
952 674 1083 726 iugera
1110 673 1219 726 prati,

292 738 547 790 quadraginta
573 738 679 778 arui:
715 746 844 778 cetera
871 746 961 777 sunt
990 738 1119 777 maria.

239 816 307 842 cur
335 815 415 841 non
443 801 589 842 diuitiis
618 803 808 842 Croesum
837 814 1017 852 superare
1046 801 1148 852 potis
1176 801 1235 849 sit,

292 879 372 905 uno
401 865 468 917 qui
496 865 536 905 in
565 867 664 905 saltu
694 866 872 905 totmoda
899 865 1108 916 possideat,

238 937 348 981 prata
375 943 468 969 arua
495 929 671 980 ingentes
700 929 816 969 siluas
846 931 1043 980 saltusque
1071 930 1314 981 paludesque
1531 946 1550 978 5

292 1006 417 1045 usque
444 994 495 1033 ad
525 994 804 1044 Hyperboreos
832 1001 871 1033 et
899 1007 1005 1034 mare
1032 995 1083 1033 ad
1113 995 1348 1034 Oceanum?

239 1058 372 1097 omnia
400 1071 541 1109 magna
569 1059 666 1097 haec
695 1064 796 1106 sunt,
827 1065 958 1098 tamen
987 1057 1107 1109 ipsest
1136 1057 1327 1098 maximus
1355 1059 1467 1105 ultro,

293 1134 372 1161 non
401 1122 533 1168 homo,
564 1122 634 1161 sed
662 1135 756 1161 uero
785 1123 959 1161 mentula
987 1134 1127 1172 magna
1154 1120 1295 1161 minax.

797 1230 931 1271 CXVI

240 1311 372 1350 SAEPE
401 1310 472 1350 tibi
501 1310 678 1351 studioso
706 1310 839 1350 animo
867 1318 1037 1350 uenante
1065 1311 1263 1362 requirens

293 1374 465 1415 carmina
492 1375 548 1414 uti
577 1388 732 1426 possem
763 1374 915 1414 mittere
944 1374 1158 1423 Battiadae,

282 1488 301 1509 ο
324 1477 379 1518 qui
396 1482 477 1517 quot
490 1476 610 1518 BLa¹p
728 1486 749 1517 3
771 1478 948 1518 aucupium
967 1476 1145 1518 Woelfflin:
1166 1478 1339 1519 aucupiam
1365 1481 1391 1510 Ω
1407 1490 1415 1510 :
1438 1488 1480 1510 an
1496 1488 1550 1510 cu-

239 1520 329 1560 piam
343 1519 395 1551 oh
409 1530 417 1550 ι
440 1520 584 1560 aucupia
594 1525 628 1561 p,
641 1519 764 1552 Munro
849 1531 869 1559 4
886 1530 928 1551 ne
946 1522 1022 1561 (nec
1035 1520 1078 1561 Ο)
1093 1521 1267 1561 quicquam
1277 1524 1303 1552 Ω
1369 1525 1551 1562 exsuperat

241 1563 270 1595 C
281 1573 289 1593 t
311 1567 475 1603 exuperat
491 1565 518 1593 Ω
605 1572 626 1603 5
649 1573 762 1603 quare,
780 1564 940 1602 concedo,
957 1563 1000 1594 sit
1016 1563 1111 1594 diues
1128 1563 1350 1605 Morgenstem
1417 1564 1550 1596 domnia

240 1605 405 1637 Baehrens
523 1607 545 1637 6
567 1606 686 1637 saltum
705 1605 758 1637 O:
781 1605 899 1637 saltem
910 1609 947 1646 Ω,
966 1606 1055 1647 quod
1069 1606 1219 1638 retinebat
1231 1606 1372 1637 Pleitner
1449 1607 1550 1638 modo

240 1647 328 1680 codd.
354 1647 445 1688 quod
468 1648 591 1680 Munru
616 1648 800 1679 ablatiuum
815 1648 973 1688 saa'ebat:
1006 1649 1107 1680 domo
1132 1649 1289 1682 Laetum:
1320 1649 1411 1681 bono
1435 1649 1551 1682 Riese:

241 1690 375 1722 modulo
399 1689 549 1723 Schmidt
632 1692 738 1723 saltus
753 1690 775 1722 l.
793 1691 977 1732 commoda,
993 1691 1072 1723 dum
1087 1692 1158 1732 ipse
1170 1696 1269 1732 egeat
1284 1691 1437 1734 Postgate
1468 1693 1550 1732 sort.

241 1734 317 1764 dum
335 1734 423 1764 domi
440 1734 513 1774 ipse
529 1738 627 1774 egeat

284 1776 378 1808 CXV
400 1786 476 1807 cum
494 1776 607 1808 CXIV
621 1777 815 1809 continuant
832 1780 871 1817 Ω,
894 1777 984 1809 nullo
1004 1778 1108 1820 spatio
1126 1776 1248 1809 nlicto:
1270 1777 1416 1819 spatium
1432 1777 1466 1808 in
1481 1776 1546 1816 Da,

240 1818 298 1850 sed
323 1819 392 1851 sine
419 1819 511 1851 titulo
643 1829 657 1851 1
683 1820 787 1851 habes
817 1819 952 1852 Lachm.
1037 1821 1140 1852 instar
1166 1820 1262 1861 (istar
1287 1819 1331 1860 O)
1357 1823 1406 1851 n:
1435 1823 1551 1851 noster

242 1860 412 1894 Muretus-z
442 1863 518 1894 iusti
540 1861 691 1895 Statius.
721 1863 808 1894 iusta
830 1863 861 1895 h.
879 1873 902 1895 e.
930 1864 1022 1895 iuxta
1044 1862 1206 1904 Scaliger:
1238 1862 1352 1895 bostar
1373 1862 1392 1894 ι’.
1404 1873 1428 1895 e.
1451 1862 1550 1894 boum

240 1905 410 1936 statiaemem
432 1905 501 1937 siue
519 1904 695 1942 βοόστασιν
718 1905 868 1946 (Callim.
891 1905 960 1938 Del.
982 1906 1058 1947 102)
1078 1916 1135 1947 ego
1263 1915 1284 1946 3
1306 1905 1396 1946 potis
1413 1905 1458 1937 sit
1472 1904 1549 1936 Da·

241 1948 407 1988 potuisset
422 1950 449 1979 Ω
578 1959 598 1988 4
622 1953 670 1981 tot
686 1949 784 1980 moda
801 1950 938 1990 (menda
952 1949 1004 1991 A)
1020 1951 1071 1980 Ω·
1095 1953 1144 1980 tot
1164 1948 1254 1980 modi
1274 1948 1317 1980 al.
1335 1948 1378 1980 da
1400 1948 1477 1980 Vm:
1499 1950 1551 1979 tot

242 1990 330 2023 bona
343 1990 517 2023 Auantz'us
689 2000 709 2031 5
733 1991 879 2031 ingentis
896 1991 927 2023 Ο
1035 1990 1207 2031 saltusque
1224 1990 1345 2032 (saltus
1359 1990 1440 2031 AC)
1457 1990 1551 2030 palu-

242 2033 368 2107 delsque
385 2033 607 2075 (plaudesque
621 2033 668 2076 0)
686 2036 731 2065 n:
755 2034 960 2075 altasquepa
962 2033 1056 2066 luda
1070 2033 1127 2065 D.
1149 2034 1300 2074 latasque
1317 2043 1349 2074 p.
1364 2032 1554 2065 Rossbadtz

241 2076 497 2160 {asts-‘13:223
511 2130 519 2151 ε
494 2076 633 2152 8ιῖιῖοι
648 2122 696 2151 n:
720 2077 832 2151 lugu-ig
833 2044 1150 2161 Βέιῗᾰῗτνςώξιιιιῆο
1141 2077 1278 2151 lgsrzns‘ir
1288 2076 1431 2150 εΩιιιιὶιιῐκιὶιειΕ
1443 2079 1508 2160 «ἔοι
1529 2083 1552 2106 a

285 2161 394 2193 CXVI
420 2173 495 2194 cum
512 2161 609 2195 CXV
619 2162 808 2194 continuant
824 2164 862 2202 Ω,
881 2161 972 2194 nullo
992 2163 1095 2203 spatio
1113 2161 1237 2193 ντΙιὶ-Ιο·
1258 2162 1403 2203 spatium
1426 2161 1461 2192 in
1482 2158 1550 2199 Da,

242 2204 332 2245 quod
346 2215 423 2236 corr.
441 2203 477 2236 D
491 2205 537 2238 sic
549 2203 708 2247 supplem
722 2214 770 2236 Αι)
785 2213 914 2236 σειινιι
1030 2213 1044 2235 ι
1069 2204 1221 2236 studiose
1235 2213 1258 2235 a
1274 2208 1334 2244 (m.
1346 2203 1419 2252 pr.)
1498 2212 1551 2234 re-

243 2247 358 2287 quires
371 2247 459 2280 codd.
526 2248 660 2280 ueniam
674 2252 754 2280 ante
770 2247 948 2288 requirens
963 2245 1103 2279 Hermes
1231 2255 1252 2278 a
1274 2245 1423 2278 batnade
1437 2247 1466 2277 Ω
