1592 2664
199 135 440 175 CATVLLI

251 244 348 281 cur?
394 255 474 282 non
502 249 582 282 tam
610 244 728 282 latera
755 243 928 282 ecfututa
954 242 1116 293 pandas,

252 305 315 345 nei
345 313 386 345 tu
414 305 510 357 quid
539 305 658 345 facias
685 304 929 357 ineptiarum.

250 383 380 421 quare,
411 369 604 421 quidquid
632 370 755 409 habes
783 369 878 409 boni
906 370 1089 423 malique,
1465 386 1505 420 ¹5

250 433 315 473 dic
343 433 468 473 nobis.
526 435 618 473 uolo
647 441 685 473 te
712 447 759 473 ac
788 441 876 474 tuos
903 447 1056 475 amores

249 497 300 537 ad
329 498 480 537 caelum
509 497 640 549 lepido
668 511 811 540 uocare
837 511 962 538 uersu.

723 652 807 690 VII

248 748 447 797 QVAER1s,
479 754 576 797 quot
604 746 701 786 mihi
729 746 966 787 basiationes

249 817 349 859 tuae,
380 810 534 858 Lesbia„
565 810 642 850 sint
670 810 762 850 satis
790 824 994 863 superque.

247 888 366 926 quam
396 888 559 926 magnus
587 889 772 915 numerus
802 875 990 926 Libyssae
1017 876 1184 916 harenae

247 938 514 990 lasarpieiferis
541 938 641 979 iacet
671 939 844 990 Cyrenis,

246 1004 419 1042 oraclum
449 1002 557 1042 Iouis
585 1002 685 1042 inter
712 1003 882 1043 aestuosi
1483 1020 1503 1054 5

245 1074 284 1106 et
313 1065 418 1106 Batti
446 1066 586 1107 ueteris
616 1080 768 1106 sacrum
796 1068 1046 1119 sepulcrum;

245 1137 313 1169 aut
341 1143 459 1181 quam
488 1129 615 1170 sidera
642 1131 773 1179 multa,
805 1144 896 1170 cum
924 1137 1028 1171 tacet
1053 1144 1142 1179 nox,

245 1193 408 1233 furtiuos
437 1193 641 1233 hominum
670 1194 807 1234 uident
834 1208 1012 1244 amores3

245 1266 324 1296 tam
355 1265 392 1296 te
421 1257 529 1296 basia
557 1259 680 1297 multa
708 1257 858 1298 basiare
883 1247 888 1253 ¹

245 1334 392 1361 uesano
421 1321 512 1360 satis
541 1329 579 1361 et
608 1335 723 1373 super
752 1323 910 1363 Catullo
937 1331 1007 1371 est,
1461 1339 1503 1363 ro

246 1399 346 1436 quae
375 1399 448 1425 nec
476 1399 748 1437 pernumerare
776 1385 918 1426 curiosi

244 1448 395 1501 possint
423 1463 496 1489 nec
525 1451 626 1489 mala
654 1450 842 1490 fascinare
869 1449 1011 1502 lingua.

753 1604 859 1642 VIII

244 1699 384 1737 MlsER
413 1698 576 1747 Catulle,
607 1699 764 1739 desinas
790 1698 969 1752 ineptire,

242 1768 281 1800 et
308 1762 418 1813 quod
446 1761 556 1802 uides
584 1761 729 1814 perisse
756 1762 951 1814 perditum
979 1764 1112 1803 ducas.

188 1866 257 1895 iam
289 1864 447 1907 Scaliger)
473 1864 518 1896 nil
550 1866 614 1896 ista
637 1865 726 1897 ualet
748 1864 989 1898 Laclnm..ni1
1015 1870 1131 1906 stupra
1150 1873 1184 1899 u.
1206 1865 1329 1908 Haupt
1458 1875 1497 1907 13

186 1908 232 1939 sic
259 1906 420 1939 Lachm:
460 1917 519 1940 cur
547 1918 613 1940 non
643 1912 710 1940 tam
741 1908 844 1940 latera
873 1913 907 1940 et
941 1908 1053 1940 sutura
1088 1908 1198 1949 panda
1231 1911 1286 1941 n:
1317 1913 1352 1940 et
1389 1909 1496 1942 fututa

186 1950 222 1981 ΙιἸ
309 1950 435 1991 pandas
459 1950 480 1981 Ιι
622 1960 659 1991 14
682 1951 737 1983 nei
762 1950 952 1982 Mara'lae'us.
981 1961 1044 1983 nec
1059 1954 1108 1982 Ω.
1135 1961 1177 1983 ne
1193 1960 1215 1983 α
1358 1959 1396 1991 15
1414 1952 1496 1992 quid

186 1992 266 2034 quid
274 1992 339 2068 g·
330 2017 338 2025 .
360 1993 516 2034 quicquid
532 1997 559 2024 Ω
614 1993 758 2034 bonique
773 1993 919 2034 malique
933 1993 965 2025 Ο
1073 2003 1112 2034 27
1137 2004 1269 2026 uersum
1284 1994 1316 2027 Ο
1330 2004 1340 2026 t
1360 1994 1499 2039 uer-sup(

203 2035 258 2074 sic)

187 2037 201 2077 <
229 2078 292 2110 VII
316 2078 475 2119 Spatium
504 2079 606 2110 unae'nes
634 2089 745 2111 uersus
773 2080 806 2111 in
839 2079 870 2110 O
889 2079 980 2111 titulo
1007 2090 1138 2112 carens:
1177 2090 1225 2112 An
1252 2089 1401 2113 maru
1426 2083 1493 2112 oeu.

190 2132 202 2152 1
229 2122 317 2162 quod
338 2121 503 2154 GORLa¹
642 2131 664 2162 3
685 2122 799 2154 libisse
816 2121 974 2154 ORVen:
998 2122 1124 2163 lybisse
1141 2122 1171 2156 G
1298 2133 1319 2163 4
1342 2121 1495 2164 henr-piei

186 2164 267 2196 seris
289 2164 330 2196 al.
358 2165 451 2197 fretis
476 2164 631 2197 GRVen:
665 2164 821 2206 lasarpici
849 2164 931 2197 fecis
958 2165 1027 2198 011²
1133 2166 1264 2207 tyrenis
1288 2166 1330 2198 al.
1358 2165 1495 2207 cyrenis
1548 2190 1551 2193 Α

188 2206 342 2239 GRVen:
367 2212 441 2248 tyre
442 2208 494 2240 nis
511 2207 618 2249 OLa¹,
633 2207 667 2239 B
679 2218 723 2240 m.
908 2217 929 2248 5
951 2209 1088 2241 oradum
1105 2209 1158 2242 us!
1168 2220 1230 2242 ora
1244 2210 1323 2242 dum
1338 2211 1366 2240 Ω
1472 2209 1495 2241 ⁶

186 2250 274 2282 beati
297 2251 346 2283 O:
381 2251 467 2283 beati
485 2250 527 2284 al.
551 2251 641 2283 beari
666 2251 729 2283 GR
758 2261 820 2283 en:
854 2252 937 2283 bruti
955 2262 977 2283 a
994 2252 1055 2294 (m.
1067 2253 1137 2295 pr.)
1287 2261 1317 2294 9
1331 2250 1434 2284 banici
1451 2250 1493 2293 O,

183 2297 215 2325 et
227 2293 261 2325 R
280 2303 323 2326 m.
367 2305 391 2327 r.
438 2293 542 2326 basiei
556 2294 599 2327 al.
614 2294 704 2326 basia
716 2293 814 2327 GVen
827 2293 858 2327 C

227 2335 311 2369 vm
315 2299 481 2379 gpaenbam
504 2337 605 2369 artius
627 2347 739 2369 uermes
752 2348 787 2369 m
804 2337 836 2371 Ο
849 2337 942 2371 titulo
964 2338 1172 2372 carm.A1>
1190 2347 1231 2371 ει
1249 2346 1353 2371 rosv!
1367 2340 1396 2370 Ω
