1592 2664
141 110 381 151 CATVLLI

194 219 234 258 in
263 220 366 258 fossa
394 217 525 270 Liguri
554 218 653 258 iacet
681 226 915 270 suppernata
942 218 1079 268 securi,

194 284 425 322 tantundem
451 282 583 321 omnia
607 282 779 322 sentiens
803 296 922 334 quam
947 283 980 322 si
1005 284 1112 323 nulla
1136 282 1186 323 sit
1208 295 1384 335 usquam.
1409 298 1450 322 ιο

194 346 280 386 talis
309 345 381 385 iste
408 358 518 385 meus
546 353 681 397 stupor
709 346 763 384 nil
791 346 910 394 uidet,
939 346 1038 385 nihil
1062 346 1184 396 audit,

195 409 279 461 ipse
306 409 373 461 qui
402 409 460 457 sit,
492 417 621 449 utrum
650 409 699 448 sit
726 422 777 449 an
806 423 885 449 non
914 410 973 458 sit,
1003 410 1045 451 id
1073 423 1233 462 quoque
1258 410 1393 452 nescit.

195 486 301 512 nunc
329 486 419 512 eum
447 474 540 512 uolo
567 474 618 512 de
646 480 715 512 tuo
742 481 863 524 ponte
891 473 1043 514 mittere
1070 487 1249 526 pronum,

196 535 228 575 si
255 544 348 587 pote
375 536 561 576 stolidum
589 544 749 588 repente
776 537 942 577 excitare
970 546 1200 586 ueternum;

196 607 235 639 et
262 599 446 650 supinum
473 599 649 639 animum
677 599 717 640 in
744 601 852 652 graui
879 601 1149 653 derelinquere
1176 613 1311 649 meno,
1410 616 1449 650 ²5

197 665 357 704 ferream
386 672 428 704 ut
456 666 603 704 soleam
631 665 758 705 tenaci
786 665 827 705 in
855 665 1039 718 uoragine
1067 667 1185 706 mula.

672 818 773 856 XXI

248 913 423 959 Avium,
454 919 563 962 pater
590 912 856 960 esurit-ionum,

250 988 331 1016 non
360 976 497 1016 harum
526 977 659 1024 modo,
689 978 759 1016 sed
788 984 884 1027 quot
911 984 979 1016 aut
1006 978 1161 1017 fuerunt

248 1046 316 1079 aut
344 1047 434 1080 sunt
461 1047 528 1078 aut
555 1039 640 1079 aliis
667 1047 780 1079 erunt
808 1040 848 1079 in
875 1040 1000 1089 annis,

250 1102 430 1154 pedicare
458 1102 568 1153 cupis
597 1116 706 1142 meos
733 1117 894 1143 amores.

250 1179 325 1206 nec
352 1167 478 1206 clam:
514 1179 606 1205 nam
634 1166 750 1205 simul
778 1180 834 1215 es,
861 1166 998 1206 iocaris
1026 1179 1116 1215 una,
1433 1181 1452 1214 5

250 1231 413 1270 haerens
440 1231 493 1270 ad
520 1231 620 1269 latus
648 1230 782 1269 omnia
808 1230 1003 1282 experiris.

250 1295 411 1334 frustra:
447 1307 538 1334 nam
567 1293 728 1334 insidias
756 1294 852 1334 mihi
880 1295 1136 1335 instruentem

251 1365 407 1409 tangam
435 1365 474 1398 te
500 1358 605 1409 prior
632 1358 893 1398 irrumatione.

250 1421 359 1472 atqui
387 1420 419 1461 si
447 1422 593 1461 faceres
621 1428 735 1469 satur,
766 1429 959 1461 tacerem:

250 1497 357 1524 nunc
384 1484 512 1535 ipsum
540 1484 582 1524 id
610 1485 738 1532 doleo,
767 1486 876 1535 quod
903 1484 1047 1525 esurire
1413 1498 1453 1521 ιο

251 1547 420 1588 mellitus
447 1560 544 1599 puer
571 1554 611 1588 et
637 1547 742 1587 sitire
769 1548 903 1588 discet.

192 1658 232 1688 ¹9
254 1648 367 1689 Ligari
373 1649 501 1690 fragm.
523 1648 611 1680 Festi
617 1654 655 1690 p.
670 1650 734 1690 438
749 1648 796 1681 ed.
816 1659 879 1681 von
895 1649 1010 1681 Ponor
1097 1652 1304 1690 suppernata
1318 1647 1431 1680 Festus
1445 1660 1454 1681 :

145 1695 301 1731 superata
316 1694 362 1723 n:
387 1696 543 1732 separata
556 1691 651 1724 BLa¹
754 1702 794 1723 21
819 1692 903 1723 nihil
923 1693 1016 1724 uidet
1031 1694 1058 1722 Ω
1160 1701 1202 1723 22
1219 1691 1300 1731 quid
1318 1691 1348 1723 G
1361 1690 1420 1722 sed
1430 1691 1452 1723 d

146 1776 176 1808 G
216 1744 408 1808 Vemrge‘
467 1743 560 1808 nutans:
583 1734 961 1809 33100]u1‹1'1¹13c024Cgunc
985 1733 1281 1808 1ἱῖῗέἓὶῗῶ
1299 1733 1355 1765 D:
1377 1743 1453 1765 cum

143 1823 260 1860 potest
276 1818 403 1850 olidum
419 1821 469 1851 Ω.
491 1829 571 1851 corr.
588 1818 743 1851 Vni-tonus
761 1819 839 1852 Var.
852 1818 935 1851 Lect.
951 1819 1021 1851 xiii.
1037 1829 1074 1850 11
1142 1819 1270 1851 exime
1287 1817 1453 1850 GORVen

143 1861 251 1900 BLa¹‚
277 1861 368 1902 quod
393 1865 570 1902 tamquam
589 1861 872 1902 snqumtatruum
901 1862 992 1893 uerbi
1017 1862 1110 1893 exire
1140 1860 1291 1893 nunebae
1327 1859 1455 1892 Traube

143 1913 186 1943 25
209 1903 443 1944 derelinquere
467 1903 499 1936 Ο
519 1915 594 1937 cum
617 1904 772 1937 Parisino
794 1905 901 1946 7989:
925 1905 1122 1946 delinquere
1143 1908 1208 1936 cett.
1235 1903 1302 1935 nu'st'
1324 1902 1413 1944 quod
1431 1912 1453 1934 a

143 1946 238 1979 habet
251 1946 440 1989 relinquere

187 1989 273 2020 XXI
299 1999 348 2021 At>
371 1998 549 2021 Ανκειινιι
573 1992 619 2021 Ω;
657 1990 803 2030 spartam
830 1989 930 2021 unius
958 1999 1073 2021 uersus
1100 1989 1134 2020 in
1163 1988 1195 2019 Ο
1223 1988 1316 2020 catulo
1342 1997 1454 2020 carens

147 2041 162 2062 1
188 2032 413 2064 exuritionum
437 2032 491 2065 uel
512 2032 740 2064 exui-iciunum
767 2035 794 2063 Ω
903 2043 923 2071 4
947 2032 1101 2071 pedicare
1122 2031 1210 2063 AC:
1243 2031 1400 2063 dedicare
1425 2033 1452 2061 Ω

144 2084 165 2114 5
188 2085 225 2106 es
248 2075 368 2106 iocaris
383 2074 443 2107 D.
474 2075 639 2106 exiocaris
655 2077 702 2106 n:
726 2080 760 2106 et
777 2074 898 2106 iocaris
913 2074 947 2104 A
953 2074 1023 2106 Cah
1144 2075 1167 2105 6
1189 2074 1311 2105 haeres
1326 2073 1349 2104 Ιι
1371 2071 1454 2104 Voss

144 2117 315 2157 experibis
331 2118 384 2151 uel
396 2117 579 2157 experibus
594 2120 621 2148 Ω
738 2127 755 2156 7
780 2121 965 2148 struentem
982 2116 1116 2148 Ribbeck
1234 2117 1256 2148 8
1278 2114 1451 2148 iri-uminu-

144 2159 237 2191 tione
254 2162 281 2191 Ω
416 2170 439 2200 9
460 2161 551 2199 atqui
568 2159 597 2191 si
611 2159 726 2208 squ-ipsi
735 2170 775 2191 ex
788 2170 823 2191 eo
837 2159 927 2200 quod
940 2158 1098 2191 caesenas
1111 2158 1205 2191 habet
1215 2163 1317 2199 atque
1330 2158 1389 2198 qui
1400 2156 1453 2188 si·

143 2206 199 2241 atq
202 2212 243 2234 ue
259 2202 293 2234 id
308 2202 337 2234 si
353 2202 440 2234 AC:
462 2206 565 2244 atque
580 2201 646 2243 ipsi
662 2205 689 2233 Ω
850 2212 890 2233 10
915 2202 948 2234 id
963 2212 1030 2233 om.
1050 2200 1146 2233 Βίαἱ
1233 2201 1382 2240 esuriere
1398 2197 1452 2231 0:

143 2245 280 2276 exurire
291 2243 487 2321 (ῗὶὲὒΒΙΑιῑ
575 2254 611 2279 11
629 2244 776 2279 mellitus
786 2243 913 2278 Hand.
932 2254 985 2277 me
997 2254 1051 2276 me
1067 2247 1116 2277 Ω.
1136 2243 1270 2277 ieiunus
1277 2240 1450 2275 Huschke·

144 2296 239 2320 meus
254 2297 319 2322 mei
364 2287 488 2322 chwabe
