1650 2684
1078 119 1320 162 CARMEN
1351 120 1447 160 LXI

442 241 544 275 terra
571 233 741 274 finibus:
777 238 818 272 at
847 238 968 284 queat

387 301 448 340 Te
476 300 646 339 uolente.
704 298 794 349 quis
822 297 915 337 huic
943 297 1023 337 deo

440 362 702 414 compararier
728 362 860 402 ausit?
1406 373 1448 410 75

385 513 568 554 Claustra
594 511 757 563 pandite
785 511 937 551 ianuae.

439 576 550 628 uirgo
578 576 701 616 adest.
759 575 882 616 uiden
910 582 954 616 ut
982 576 1089 616 faces

440 641 669 693 splendidas
698 641 880 692 quatiunt
910 642 1075 681 comas?

455 798 1070 811 nnnnnnnnnn

437 998 564 1037 tardet
592 997 786 1048 ingenuus
815 998 954 1047 pudor.

385 1063 518 1113 Quem
547 1068 681 1100 tamen
719 1060 842 1111 magis
870 1060 1048 1108 audiens,
1405 1068 1450 1101 80

437 1127 505 1166 flet
532 1126 643 1178 quod
669 1124 726 1165 ire
754 1138 916 1165 necesse
945 1133 1015 1165 est.

385 1226 497 1264 Flere
524 1223 674 1264 desine.
732 1236 815 1262 non
843 1223 915 1263 tibi
943 1225 1023 1263 Au-

437 1288 638 1329 runculeia
667 1287 887 1340 periculum
914 1295 986 1337 est,

436 1367 488 1394 ne
515 1367 595 1405 qua
621 1354 770 1394 femina
797 1352 969 1405 pulcrior

384 1419 545 1461 Clarum
573 1419 625 1459 ab
654 1419 820 1459 Oceano
848 1418 956 1458 diem
1405 1428 1447 1470 85

435 1483 578 1525 uiderit
605 1483 843 1524 uenientem.

380 1581 490 1622 Talis
518 1582 559 1621 in
587 1581 698 1622 uario
726 1582 827 1621 solet

434 1646 569 1687 diuitis
596 1645 751 1687 domini
778 1647 938 1688 hortulo

433 1718 535 1751 stare
563 1712 636 1750 flos
665 1710 954 1762 hyacinthinus.

381 1777 460 1815 Sed
489 1775 662 1823 moraris,
694 1774 777 1815 abit
805 1775 901 1815 dies.
1402 1794 1446 1826 90

433 1842 602 1892 prodeas
630 1854 736 1880 noua
764 1847 897 1891 nupta.

380 1941 554 1979 Prodeas
583 1952 689 1978 noua
717 1945 851 1990 nupta,
883 1937 916 1977 si

433 2003 511 2043 iam
541 2003 707 2050 uidetur,
739 2010 778 2042 et
806 2002 945 2042 audias

432 2075 566 2107 nostra
593 2068 725 2108 uerba.
784 2067 936 2107 uiden?
973 2069 1078 2108 faces

154 2182 194 2212 77
217 2172 315 2204 adest
327 2175 353 2202 Ω
369 2183 377 2204 :
401 2171 484 2203 ades
493 2171 663 2212 Schrader,
677 2171 816 2204 Lachm.
854 2170 938 2202 Post
949 2172 989 2211 78
1002 2172 1161 2203 lacunam
1173 2172 1279 2204 statui
1287 2176 1446 2213 quattuor

110 2225 270 2246 uersuum

386 2225 429 2255 79
451 2215 561 2246 tradet
576 2214 613 2246 12²
722 2216 764 2246 82
787 2215 1022 2246 Aurunculeia
1039 2214 1070 2246 Ο
1084 2218 1113 2247 et
1125 2226 1232 2256 marg.
1246 2215 1282 2246 h²
1298 2227 1305 2247 :
1330 2216 1442 2247 Arun—

110 2257 218 2290 culeia
238 2260 304 2290 cett.
325 2258 392 2289 nisi
403 2257 493 2298 quod
503 2258 716 2290 Acunculeia
729 2261 776 2289 est
789 2258 825 2289 in
841 2268 872 2299 a,
890 2258 1088 2290 Aruncudia
1104 2259 1139 2289 in
1155 2259 1190 2289 11²
1322 2260 1365 2299 85
1388 2270 1443 2291 oc-

110 2311 218 2333 ceano
233 2304 260 2332 Ω

377 2311 423 2341 90
444 2301 527 2332 abiit
551 2305 578 2332 Ω
699 2311 741 2341 91
769 2312 836 2333 om.
863 2301 1001 2333 codices:
1033 2301 1167 2333 additus
1190 2304 1237 2333 est
1259 2302 1294 2333 in
1317 2301 1398 2333 Ald.
1424 2302 1447 2332 I

108 2354 153 2384 94
175 2345 301 2376 uiden?
326 2344 416 2375 faces
427 2349 473 2385 p:
499 2344 601 2375 uiden
619 2344 746 2385 (uideri
762 2344 807 2385 O)
826 2349 862 2375 ut
878 2347 904 2374 Ω
