1650 2684
0 1200 24 1478 {samm-¹⁸⁶
7 1187 11 1191 ·

0 1850 13 1878 ⁴
0 1828 9 1839 v
0 1779 11 1820 *¹¹⁰
0 1559 19 1769 των-φφ·-
0 1540 6 1551 “
3 1518 13 1527 s

1085 90 1329 130 CARMEN
1362 89 1497 127 LXIV

165 206 415 258 candidaque
443 205 576 245 intorti
605 205 812 244 sustollant
842 204 930 243 uela
959 203 1156 250 rudentes,
1434 217 1494 249 235

165 284 283 322 quam
312 271 484 322 primum
513 284 678 310 cernens
707 276 750 308 ut
778 270 880 308 laeta
907 266 1052 319 gaudia
1080 273 1213 306 mente

163 349 387 387 agnoscam,
420 349 511 375 cum
541 343 580 374 te
609 336 795 374 reducem
824 340 933 373 aetas
962 346 1149 384 prospera
1177 331 1313 371 sistet!

164 401 262 440 haec
291 402 477 440 mandata
505 400 612 452 prius
641 399 840 439 constanti
870 406 1004 438 mente
1033 405 1236 437 tenentem

163 466 319 505 Thesea
346 479 420 505 ceu
448 467 585 517 pulsae
614 472 825 504 uentorum
854 463 1014 503 flamine
1042 463 1170 502 nubes

161 544 318 570 aereum
348 530 454 570 niuei
484 530 630 570 montis
659 530 809 582 liquere
838 542 1041 569 cacumen.
1433 543 1495 575 240

160 602 200 634 at
227 603 348 647 pater,
378 603 422 635 ut
449 609 606 635 summa
634 602 889 646 prospectum
918 607 966 633 ex
993 606 1083 632 arce
1111 592 1284 644 petebat,

159 660 274 700 anxia
301 660 342 700 in
370 660 551 701 assiduos
579 661 794 700 absumens
823 659 974 699 lumina
1002 659 1129 706 fletus,

159 739 251 765 cum
278 726 450 777 primum
478 726 603 766 inflati
632 726 838 778 conspexit
867 725 988 765 lintea
1016 723 1105 772 ueli,

158 791 412 842 praecipitem
440 805 527 832 sese
556 794 810 843 scopulorum
838 805 861 831 e
890 791 1037 831 uertice
1066 789 1169 837 iecit,

157 855 344 895 amissum
374 858 540 896 credens
570 856 712 896 immiti
740 858 899 896 Thesea
926 857 1019 896 fato.
1248 883 1251 885 -
1426 870 1489 903 245

157 919 213 958 sic
240 921 395 960 funesta
424 922 569 961 domus
598 921 795 973 ingressus
823 928 929 961 tecta
956 927 1121 971 paterna

157 992 282 1024 morte
310 986 418 1025 ferox
445 987 638 1035 Theseus,
669 987 828 1038 qualem
858 985 1034 1026 Minoidi
1062 986 1214 1024 luctum

156 1050 351 1090 obtulerat
379 1059 513 1091 mente
540 1051 765 1091 immemori
792 1052 913 1091 talem
942 1050 1027 1102 ipse
1056 1049 1214 1101 recepit.

155 1127 257 1166 quae
285 1123 418 1156 tamen
447 1124 656 1168 aspectans
685 1118 896 1157 cedentem
925 1123 1076 1156 maesta
1104 1114 1279 1155 carinam

155 1179 390 1231 multiplices
418 1181 554 1221 animo
583 1182 773 1222 uoluebat
801 1181 935 1222 saucia
962 1194 1085 1221 curas.
1423 1198 1487 1230 250

152 1252 193 1284 at
219 1253 330 1296 parte
358 1259 406 1286 ex
432 1246 510 1286 alia
537 1249 682 1287 florens
710 1247 904 1287 uolitabat
934 1247 1103 1286 Iacchus

152 1323 244 1350 cum
272 1311 401 1352 thiaso
430 1313 656 1363 Satyrorum
685 1319 724 1352 et
754 1311 963 1363 Nysigenis
993 1310 1146 1358 Silenis,

153 1382 191 1415 te
219 1390 422 1428 quaerens,
454 1378 640 1426 Ariadna,
673 1385 822 1428 tuoque
851 1376 1037 1416 incensus
1065 1389 1210 1415 amore.

152 1441 220 1492 qui
248 1449 333 1481 tum
361 1443 509 1482 alacres
537 1442 685 1494 passim
713 1443 917 1493 lymphata
944 1447 1078 1480 mente
1107 1439 1290 1479 furebant

151 1508 280 1547 euhoe
308 1508 559 1556 bacchantes,
591 1509 721 1548 euhoe
750 1507 880 1559 capita
908 1507 1168 1547 inflectentes.
1420 1522 1458 1554 25
1464 1523 1481 1554 5

151 1572 289 1611 harum
318 1586 406 1624 pars
435 1580 540 1612 tecta
567 1573 799 1624 quatiebant
828 1572 993 1624 cuspide
1022 1573 1187 1622 thyrsos

150 1650 238 1688 pars
266 1651 288 1677 e
316 1637 475 1678 diuulso
504 1638 704 1678 iactabant
733 1638 912 1678 membra
939 1637 1123 1685 iuuenco,

192 1751 256 1782 235
279 1742 435 1783 sus(subs
468 1741 622 1783 G)tolant
656 1742 696 1784 Ο,
724 1743 821 1784 prius
848 1741 886 1783 G,
910 1744 987 1783 post
1015 1739 1130 1773 addita
1160 1740 1231 1773 estl
1305 1740 1388 1773 Post
1418 1750 1480 1781 235

148 1784 297 1817 Faernus
326 1786 483 1818 inserebat
511 1797 550 1817 ex
578 1786 692 1818 Nonio
716 1791 750 1827 p.
784 1787 849 1826 546
880 1795 1016 1816 uersum
1047 1784 1176 1816 Lucida
1205 1794 1272 1825 qua
1295 1784 1481 1825 splendent

149 1828 302 1871 [summi]
331 1829 506 1861 carchesia
531 1830 608 1861 mali
658 1829 737 1861 Vide
758 1830 806 1862 ad
824 1830 964 1870 Fragm.
991 1828 1023 1859 V
1185 1838 1249 1868 237
1275 1828 1403 1869 (a)etas
1430 1832 1480 1860 n:

147 1882 228 1904 aera
249 1873 301 1905 D:
329 1883 405 1904 sors
425 1873 484 1905 Al.
506 1873 694 1907 Guarinus:
723 1874 795 1905 fors
809 1872 857 1905 ed.
882 1873 985 1904 Trinc.
1005 1883 1013 1903 ι
1039 1872 1126 1903 freta
1147 1871 1314 1903 Froehlich
1331 1883 1338 1903 :
1365 1877 1480 1903 aestas

146 1915 286 1948 Palmer
344 1917 442 1948 sistet
455 1917 525 1948 Oet
527 1916 685 1958 plerique:
709 1916 851 1960 sistenst
867 1916 937 1957 (sic)
955 1916 999 1948 G:
1023 1915 1120 1957 sistat
1135 1915 1373 1957 (suprascripm
1383 1915 1412 1957 θ)
1426 1916 1479 1947 R:

146 1958 266 1991 sistent
277 1959 377 1991 D½n
445 1970 508 2000 239
525 1971 585 1991 seu
595 1960 670 1992 Oak
681 1960 857 2000 etfortasse
867 1960 949 1993 Gm.
960 1965 1012 2001 pr.
1053 1959 1135 1990 Post
1145 1969 1210 1998 240
1219 1959 1366 1998 spatium
1379 1959 1482 1990 unius

147 2013 264 2034 uersus
277 2007 323 2034 est
344 2004 378 2035 in
395 2003 462 2034 RB
468 2003 537 2043 Ven,
555 2014 621 2036 non
636 2004 713 2036 item
729 2004 764 2035 in
783 2004 824 2043 G,
835 2004 894 2044 qui
907 2007 1018 2035 tamen
1035 2004 1190 2044 primam
1208 2002 1348 2033 litteram
1365 2012 1480 2034 uersus

146 2056 209 2086 241
224 2047 269 2078 sic
283 2047 377 2078 habet
384 2047 540 2088 scriptam
554 2046 591 2083 xl
593 2047 651 2081 At.
688 2048 730 2079 In
744 2047 814 2079 AC
826 2047 930 2079 Laur.
951 2057 1004 2087 33.
1030 2057 1078 2087 12,
1097 2050 1127 2078 et
1140 2046 1347 2078 Santeniano
1362 2045 1479 2077 Fletus

146 2088 232 2130 Egei
340 2101 402 2131 247
427 2090 570 2123 Minoidi
580 2101 656 2124 corr.
668 2091 702 2122 R
716 2103 723 2123 :
749 2091 895 2131 Minoi(y
906 2090 1103 2132 BLa1D)da
1120 2094 1146 2121 Ω
1164 2089 1267 2130 :fort.
1280 2089 1315 2119 in
1328 2089 1478 2120 Minoida

147 2132 798 2219 &3133533{um‘gffissgelt‘jsst’fftaffi
823 2132 1250 2218 (Ξξῖὃῗᾶἕέῖἑῗδξὲέὲ
1265 2142 1346 2207 3⁵¹³·
1362 2132 1479 2215 ‘³¹33‘ss-

146 2220 237 2262 cum]
250 2225 320 2252 tum
336 2220 368 2251 Ο
455 2231 519 2262 253
543 2226 576 2253 te
588 2222 626 2263 G,
639 2222 818 2262 sedfuera?
828 2227 862 2253 et
876 2234 883 2253 z
902 2227 937 2252 et
950 2221 981 2252 O
1034 2222 1174 2252 adriana
1187 2224 1214 2251 Ω
1304 2228 1368 2259 254
1388 2229 1476 2260 quae

146 2266 216 2295 tum
233 2264 350 2306 Bergk,
369 2265 426 2296 cui
435 2269 512 2306 post
525 2275 590 2306 253
610 2277 724 2298 uersus
745 2265 894 2297 excidisse
915 2265 1011 2296 uisus
1026 2269 1073 2295 est
1192 2273 1257 2304 255
1281 2264 1390 2295 euhoe
1408 2286 1416 2294 .
1436 2287 1444 2295 .
1462 2287 1472 2297 .

145 2308 254 2338 euhoe
274 2307 397 2341 BLa¹:
422 2309 529 2341 euche
544 2333 553 2341 .
573 2333 581 2341 .
601 2333 608 2341 .
630 2310 738 2341 euche
761 2308 823 2341 GO
832 2309 991 2340 VenACD
1006 2308 1064 2340 sed
1082 2309 1116 2339 in
1140 2307 1169 2340 G
1185 2308 1293 2339 euche
1310 2308 1344 2339 iri
1364 2307 1476 2338 euohe

144 2351 276 2383 transuit
396 2354 461 2393 256
484 2354 602 2384 harum
629 2356 679 2385 ss:
710 2353 831 2384 horum
859 2363 880 2384 a
909 2353 1010 2394 uulgo
