1650 2684
217 108 458 149 CATVLLI

776 222 894 261 LXII

748 307 923 335 rvvmms

215 359 382 397 VESPER
409 359 530 407 adest,
562 358 735 407 iuuenes,
765 358 1010 410 consurgite:
1047 361 1198 411 Vesper
1224 360 1396 413 Olympo

215 429 437 473 exspectata
464 422 532 462 diu
561 422 627 462 uix
654 424 814 462 tandem
843 422 991 462 lumina
1018 423 1128 463 tollit.

215 499 368 536 surgere
396 485 474 525 iam
502 494 668 537 tempus,
699 486 775 526 iam
804 486 958 538 pinguis
986 486 1162 539 linquere
1189 501 1356 537 mensas,

215 549 291 588 iam
320 549 451 589 ueniet
479 550 599 600 uirgo,
629 550 706 589 iam
735 550 886 590 dicetur
914 552 1163 602 hymenaeus.

216 615 376 665 Hymen
405 615 443 654 Ο
473 615 716 665 Hymenaee,
748 616 909 665 Hymen
937 616 1031 655 ades
1060 615 1098 655 Ο
1128 617 1382 667 Hymenaee!
1501 633 1521 667 5

743 730 938 758 valNEs

214 780 395 830 Cernitis,
423 781 621 833 innuptae,
651 782 842 822 iuuenes?
878 783 1098 834 consurgite
1125 790 1261 823 contra
1273 798 1286 831 ς

213 844 396 884 nimirum
425 846 595 885 Oetaeos
623 845 795 886 ostendit
823 845 987 886 noctifer
1016 846 1134 898 ignes.

213 908 268 947 sic
297 916 436 948 certest
450 923 461 957 ;
497 909 617 949 uiden
645 917 687 948 ut
715 910 921 961 perniciter
948 910 1164 950 exsiluere?

213 985 293 1011 non
322 980 467 1012 temere
494 973 691 1021 exsiluere,
722 980 864 1013 canent
892 975 1000 1025 quod
1029 974 1154 1014 uisere
1181 988 1250 1026 par
1277 983 1347 1015 est.

214 1037 375 1087 Hymen
403 1037 441 1076 Ο
470 1037 712 1087 Hymenaee,
744 1038 904 1088 Hymen
931 1039 1026 1078 ades
1054 1039 1091 1078 O
1122 1040 1376 1089 Hymenaee!
1483 1057 1524 1080 ιο

754 1151 929 1180 ιννΕΝΕε

213 1204 306 1242 Non
334 1203 456 1243 facilis
484 1203 609 1252 nobis,
639 1203 822 1255 aequalis,
852 1205 982 1255 palma
1009 1212 1141 1255 parata
1167 1212 1237 1253 est,

211 1266 383 1318 aspicite,
414 1267 601 1318 innuptae
629 1281 763 1307 secum
791 1275 834 1307 ut
862 1268 1050 1308 meditata
1077 1269 1288 1320 requirunt.

212 1343 293 1370 non
321 1332 459 1370 frustra
486 1330 734 1379 meditantur,
763 1331 910 1371 habent
939 1332 1192 1372 memorabile
1219 1334 1327 1384 quod
1356 1332 1416 1382 sit,

211 1407 285 1434 nec
313 1394 468 1444 mirum,
495 1394 650 1446 penitus
678 1408 778 1446 quae
806 1402 888 1435 tota
916 1403 1047 1436 mente
1074 1396 1263 1436 laborant.

202 1498 203 1501 ’
256 1496 350 1528 Lxu
374 1495 448 1527 Hoc
461 1507 570 1528 unum
585 1507 714 1528 carmen
729 1500 897 1528 seruatum
913 1501 958 1529 est
975 1497 1010 1529 in
1032 1498 1129 1530 codt'oe
1149 1498 1270 1531 saeculi
1290 1499 1325 1531 ix
1350 1499 1517 1541 Thuaneo,

212 1550 301 1571 nunc
324 1539 477 1571 Parisino
499 1538 574 1571 Lat.
602 1540 686 1579 8071
715 1537 786 1580 (T),
815 1540 851 1571 in
879 1550 945 1580 quo
966 1540 1158 1582 inscriptum
1186 1546 1234 1573 est
1262 1542 1518 1582 Epithalamium

212 1582 344 1614 Catulli.
386 1591 599 1613 snut-rava
609 1591 751 1614 manta
762 1592 931 1614 ΝνΡτιΑιε
942 1586 969 1615 Ω
1059 1594 1073 1616 x
1098 1585 1132 1615 in
1144 1595 1250 1626 καις.
1261 1586 1359 1617 turba
1369 1586 1518 1618 uirorum

214 1625 256 1656 G:
274 1625 370 1657 turba
380 1625 548 1664 uirginum
566 1625 741 1665 (suprascr.
753 1628 866 1663 orum)
878 1626 925 1657 R:
942 1630 966 1658 t.
982 1627 1087 1658 uirum
1099 1626 1198 1658 BVen
1263 1628 1397 1669 Vesper
1404 1629 1517 1671 adest]

212 1668 318 1700 Varro
336 1668 373 1700 L.
394 1668 431 1699 L.
451 1667 507 1698 vii.
526 1677 570 1707 50
610 1667 809 1708 Vesperugo
823 1668 920 1700 stella
934 1679 1020 1709 quae
1036 1680 1178 1710 uespere
1193 1671 1308 1709 oritur,
1326 1682 1347 1702 a
1361 1682 1428 1711 quo
1443 1682 1518 1703 eam

213 1710 348 1751 Opilius
376 1710 495 1743 scribit
518 1710 717 1751 Vesperum,
749 1711 859 1751 itaque
891 1712 1011 1743 dieitur
1040 1712 1182 1744 alterum
1209 1713 1388 1753 (alternum
1414 1714 1518 1753 Riese)

211 1753 343 1793 Vesper
365 1754 471 1785 adest.
594 1763 614 1784 a
636 1758 767 1793 expect.
786 1754 838 1785 ΤΩ
947 1765 968 1794 3
990 1759 1122 1795 tempus
1136 1755 1200 1786 iam
1219 1755 1394 1797 (suprascr.
1404 1758 1471 1796 est)
1490 1756 1521 1788 G

213 1797 348 1836 pinguis
363 1795 441 1827 TO:
465 1796 610 1836 pingues
628 1796 691 1828 GR
705 1800 736 1828 et
748 1800 812 1828 oeu.
902 1806 923 1836 5
945 1796 1089 1841 ὴγιιιεηῤ
1106 1798 1176 1839 (sic)
1195 1797 1229 1828 R
1313 1799 1336 1829 6
1357 1799 1392 1830 in
1408 1809 1516 1841 marg.

213 1839 330 1870 Puelle
348 1838 411 1870 GR
419 1838 475 1870 Wn
563 1839 719 1879 consurgi
736 1845 869 1871 eretera
886 1839 931 1871 T:
955 1850 1160 1880 consurgere
1175 1844 1293 1872 contra
1310 1840 1375 1874 lac.
1395 1841 1521 1874 Mowat

214 1881 497 1922 Cantabngz‘ensuls,
509 1881 599 1922 quod
610 1882 721 1923 ipsum
737 1883 772 1913 in
786 1881 851 1914 cod.
867 1882 992 1914 Canon.
1005 1881 1080 1915 Lat.
1093 1893 1135 1922 33
1151 1882 1266 1914 ιἠκσηί
1400 1894 1418 1924 7
1440 1890 1519 1916 oeta

212 1934 272 1956 eos
300 1924 346 1955 T:
370 1925 454 1956 haec
477 1934 536 1956 eos
554 1924 603 1956 0:
627 1925 691 1957 hoc
713 1934 774 1956 eos
792 1927 819 1956 Ω
928 1924 1025 1964 ignes
1039 1924 1119 1956 ΑΜ.
1136 1925 1158 1956 I
1167 1938 1175 1958 ε
1199 1926 1323 1958 imbres
1342 1926 1389 1958 T:
1413 1928 1519 1959 imber

165 1971 168 1974 ⁴
213 1968 264 1998 uel
276 1967 396 2008 ymber
411 1970 438 1998 Ω
568 1967 600 2006 8,
615 1978 637 2006 9
652 1967 822 1999 exsiluere
839 1968 968 2008 scnffia‘:
992 1968 1069 2000 exil.
1088 1967 1176 2000 codd.
1288 1970 1309 2000 8
1331 1970 1379 2001 sic
1394 1974 1519 2002 certent

212 2010 351 2051 Haupt:
374 2010 482 2042 siccer
497 2014 549 2042 tes
561 2010 592 2042 .i.
611 2009 642 2041 T
652 2021 660 2041 :
682 2011 729 2042 sic
741 2014 833 2042 certe
848 2010 876 2042 si
895 2010 943 2044 O:
967 2010 1016 2042 sic
1034 2015 1126 2042 certe
1139 2010 1203 2043 GR
1213 2010 1272 2043 sed
1283 2016 1320 2042 ut
1333 2013 1368 2043 in
1384 2016 1521 2053 uimque

205 2057 283 2093 post
303 2057 396 2085 certe
419 2063 538 2084 rasura
557 2051 620 2086 sita
640 2053 689 2084 sic
706 2057 799 2085 certe
814 2056 879 2085 att.
967 2063 989 2093 9
1010 2058 1134 2085 canent
1151 2054 1243 2094 quod
1259 2054 1370 2087 uisere
1389 2065 1450 2095 par
1466 2060 1519 2087 ωε

216 2095 246 2126 T
262 2094 342 2127 Voss
436 2100 559 2127 canent
576 2097 711 2134 (cauent
726 2094 805 2137 La¹)
822 2105 888 2136 quo
904 2095 1014 2128 uisere
1030 2102 1150 2136 parent
1165 2100 1191 2128 Ω
1206 2108 1215 2128 2
1236 2107 1265 2129 c.
1281 2107 1369 2137 quos
1384 2098 1518 2130 uincere

213 2149 273 2177 par
293 2143 345 2170 est
368 2137 467 2179 Rape.
494 2138 681 2172 Guarinus:
720 2143 845 2171 canent
866 2148 933 2179 quo
957 2139 1093 2171 uincere
1120 2149 1181 2179 par
1201 2145 1254 2172 est
1269 2141 1463 2172 Auentinus:
1489 2151 1518 2172 c.

211 2182 302 2221 quod
318 2181 457 2213 uincere
478 2192 540 2222 par
554 2187 607 2213 est
621 2180 849 2213 Passaeratr'us:
871 2191 899 2213 c.
916 2182 1006 2221 quod
1023 2191 1165 2222 uespere
1182 2193 1244 2223 par
1257 2187 1310 2218 eet
1323 2182 1364 2215 B.
1388 2182 1522 2215 Venator

216 2234 250 2255 11
274 2224 309 2255 in
326 2235 433 2266 marg.
450 2224 562 2265 puelle
579 2223 675 2256 GRB
682 2223 739 2255 Ven
805 2224 927 2256 nobilis
948 2223 978 2255 T
1034 2225 1195 2264 aequales
1209 2224 1345 2258 Lachm-
1479 2236 1519 2257 12

212 2267 353 2307 innupte
375 2277 488 2299 secum
512 2272 548 2299 ut
570 2268 728 2299 meditata
750 2267 902 2309 requi(ae
916 2266 1048 2307 D)runt
1076 2266 1157 2300 TD:
1181 2268 1245 2309 in(i
1259 2267 1437 2310 Ba)nupte
1450 2279 1518 2309 que

212 2311 367 2352 (querunt
395 2310 439 2349 O)
468 2320 580 2342 secum
606 2315 641 2342 ut
668 2310 829 2342 meditare
861 2315 1007 2351 querunt
1032 2313 1059 2341 Ω
1162 2320 1201 2351 13
1223 2321 1370 2343 memora
1385 2311 1472 2352 psile
1493 2311 1524 2343 T

217 2362 253 2391 ¹4
269 2353 362 2384 habet
376 2352 508 2385 Tsolus.
556 2353 722 2394 Spun‘um
733 2357 898 2394 putarunt
911 2352 997 2385 Scal.
1011 2352 1119 2385 Naeke
1133 2352 1268 2386 Lac-hm.
1286 2353 1334 2386 ed.
1349 2364 1363 2386 ι
