1682 2690
241 101 482 141 CATVLLI

239 208 334 259 quid
362 209 454 248 facit
481 209 524 257 is,
556 216 734 260 patruum
764 210 833 264 qui·
861 223 939 248 non
970 210 1060 249 sinit
1088 223 1172 250 esse
1200 210 1410 252 maritum?
1448 215 1462 232 ⁶

291 272 433 323 ecquid
462 272 536 312 scis
566 281 755 323 quantum
785 273 968 323 suscipiat
997 273 1179 313 sceleris?

238 335 407 386 suscipit,
438 349 463 375 o
492 336 604 383 Gelli,
636 345 826 387 quantum
856 349 936 375 non
965 336 1102 376 ultima
1128 338 1276 388 Tethys
1523 355 1543 389 ⁵

291 412 363 438 nec
390 399 541 450 genitor
570 401 840 451 Nympharum
869 400 993 440 abluit
1021 401 1228 441 Oceanus:

237 476 327 501 nam
356 462 451 501 nihil
481 470 539 502 est
567 463 778 514 quicquam
807 464 972 511 sceleris,
1004 478 1083 515 quo
1112 466 1273 515 prodeat
1302 467 1410 513 ultra,

290 539 370 566 non
399 526 430 566 si
459 526 631 567 demisso
660 541 700 567 se
729 527 812 578 ipse
842 535 951 568 uoret
979 528 1116 579 capite.

732 637 943 675 LXXXIX

236 715 416 754 GELles
444 723 503 754 est
531 715 681 755 tenuis:
719 715 815 766 quid
844 716 914 754 ni?
951 717 1013 755 cui
1043 724 1120 755 tam
1153 717 1256 756 bona
1285 725 1405 757 mater

287 785 446 828 tamque
475 780 609 818 ualens
638 778 745 818 uiuat
773 786 931 830 tamque
960 787 1126 819 uenusta
1153 793 1261 820 soror

235 849 392 892 tamque
421 842 548 883 bonus
577 850 735 894 patruus
763 850 923 894 tamque
950 844 1083 883 omnia
1111 845 1227 895 plena
1255 844 1392 895 puellis

287 905 471 956 cognatis,
501 919 621 956 quare
649 906 681 946 is
710 906 862 947 desinat
889 921 974 948 esse
1003 909 1161 949 macer?

234 969 301 1019 qui
330 976 372 1007 ut
401 968 497 1008 nihil
524 969 698 1020 attingat,
729 970 803 1009 nisi
831 972 939 1020 quod
967 972 1024 1010 fas
1054 979 1210 1023 tangere
1239 985 1319 1011 non
1348 979 1420 1019 est,
1525 989 1543 1020 5

287 1032 539 1082 quantumuis
567 1046 686 1084 quare
715 1033 763 1073 sit
792 1047 921 1073 macer
948 1034 1135 1075 inuenies.

817 1143 891 1183 XC

235 1223 457 1261 NAscATVR
488 1223 628 1273 Magus
657 1236 703 1262 ex
732 1222 833 1262 Gelli
864 1223 1073 1274 matrisque
1102 1225 1274 1264 nefando

286 1284 468 1336 coniugio
496 1293 535 1325 et
562 1285 687 1325 discat
716 1286 913 1325 Persicum
941 1287 1200 1338 aruspicium:

234 1362 324 1387 nam
355 1362 488 1399 magus
517 1362 563 1388 ex
592 1357 713 1388 matre
741 1357 779 1388 et
807 1357 900 1388 nato
927 1350 1105 1401 gignatur
1132 1359 1296 1402 oportet,

286 1411 318 1451 si
347 1425 439 1451 uera
466 1420 525 1451 est
554 1414 756 1452 Persarum
785 1413 905 1464 impia
933 1414 1077 1465 religio,

234 1483 347 1515 natus
375 1483 417 1515 ut
444 1483 607 1527 accepto
635 1484 840 1516 ueneretur
867 1477 1038 1517 carmine
1065 1477 1180 1518 diuos
1524 1497 1543 1528 5

286 1547 489 1579 omentum
517 1540 557 1579 in
586 1541 743 1579 flamma
770 1540 913 1592 pingue
941 1541 1204 1593 liquefaciens.

816 1650 912 1690 XCI

234 1730 332 1768 NON
355 1728 456 1776 ideo,
487 1729 598 1777 Gelli,
631 1730 835 1780 sperabam
864 1738 902 1771 te
932 1732 1027 1771 mihi
1056 1733 1178 1772 fidum

287 1793 327 1831 in
356 1793 497 1832 misero
525 1794 602 1832 hoc
630 1801 774 1841 nostro,
805 1795 881 1834 hoc
909 1795 1062 1846 perdito
1089 1809 1222 1836 amore
1249 1798 1341 1844 sore,

277 1905 297 1934 3
313 1895 394 1927 sacis
412 1895 442 1926 Ο
456 1899 484 1926 el
498 1895 534 1926 D
550 1907 594 1927 m.
607 1901 657 1936 pr.
731 1907 750 1935 4
767 1901 801 1928 et
813 1898 867 1937 qui
881 1897 937 1928 Da
952 1909 960 1930 z
975 1898 1072 1938 ecqui
1095 1898 1231 1931 Lachm.
1265 1924 1269 1928 .
1302 1902 1463 1938 quantum
1481 1897 1545 1931 Go

233 1942 262 1969 et
272 1948 350 1970 corr.
363 1938 397 1969 R
411 1950 418 1969 :
435 1943 559 1970 tantum
573 1938 638 1969 Ven
650 1938 682 1970 R
695 1949 740 1971 m.
755 1940 896 1979 pr.,AB
904 1939 1244 1973 Laurenliam‘etBod.
1257 1941 1333 1973 Lat.
1348 1940 1451 1973 Class.
1465 1951 1490 1972 e.
1504 1950 1544 1980 15

234 1991 253 2021 5
270 1981 372 2012 tethis
388 1979 544 2012 La1Ven:
569 1981 672 2012 thetis
689 1981 818 2014 GORC
899 1984 921 2013 6
935 1983 1143 2024 lympharum
1159 1983 1200 2017 1..
1211 1984 1348 2015 Mueller
1410 1994 1479 2016 occ.
1494 1986 1521 2015 Ω

279 2023 462 2055 LXXXIX
491 2033 527 2055 m
550 2033 702 2056 ouuvm
719 2027 746 2056 Ω
762 2036 770 2057 :
790 2026 936 2066 spatium
959 2026 1060 2058 unius
1080 2037 1194 2059 uersus
1212 2028 1246 2059 in
1264 2027 1295 2059 Ο
1427 2037 1440 2058 1
1466 2026 1541 2059 ‘rel-

235 2067 298 2098 lins
323 2066 375 2097 O:
407 2066 535 2098 Bellius
562 2067 620 2099 D:
654 2067 788 2100 Mellius
815 2068 916 2100 Laur.
942 2079 994 2109 33.
1015 2079 1052 2101 12
1233 2082 1252 2110 4
1278 2079 1388 2102 macer
1409 2068 1542 2101 ACVen

235 2109 340 2141 Par‘is.
365 2110 467 2150 7989:
502 2116 607 2142 mater
631 2110 702 2149 GO,
721 2110 756 2141 R
778 2111 927 2142 nondum
950 2116 1108 2151 mutatus,
1126 2113 1169 2151 D,
1193 2113 1293 2145 Laur.
1311 2122 1362 2153 33.
1382 2121 1430 2151 12,
1460 2111 1543 2144 Bod.

236 2152 308 2183 Lat.
330 2152 433 2184 Class.
451 2164 475 2184 c.
497 2163 534 2192 15
676 2155 697 2184 6
721 2154 758 2185 fit
778 2153 976 2186 GORVmC
986 2154 1069 2188 Bod.
1087 2154 1162 2188 Lat.
1182 2156 1284 2188 Closs.
1302 2166 1326 2187 e.
1347 2165 1386 2196 15

278 2195 340 2226 XC
362 2206 437 2226 cum
453 2194 644 2227 LXXXIX
654 2197 844 2227 continuant
857 2199 895 2236 Ω,
914 2197 1005 2229 nullo
1018 2200 1122 2239 spatio
1137 2199 1238 2230 nls'clo
1344 2209 1370 2239 r,
1384 2208 1405 2238 3
1427 2207 1543 2239 magus

236 2238 331 2280 Dap:
355 2249 496 2279 magnus
508 2242 534 2270 Ω
649 2250 676 2279 1,
695 2249 715 2269 2
738 2244 897 2271 nascetur
907 2263 915 2272 .
929 2262 937 2271 .
950 2263 957 2271 .
971 2240 1077 2273 discet
1090 2241 1249 2273 Richards
1266 2267 1270 2270 ,
1355 2251 1376 2281 3
1387 2245 1499 2281 ,επιειω
1515 2243 1542 2271 Ω

235 2293 255 2321 4
283 2282 402 2321 religio
419 2285 445 2313 Ω
575 2292 595 2322 5
618 2286 741 2322 gnatus
757 2285 784 2312 Ω
801 2293 808 2314 :
831 2288 945 2322 gratus
960 2281 1002 2315 L.
1018 2283 1154 2315 Mueller
1279 2285 1301 2315 6
1322 2288 1494 2316 omentum
1508 2282 1544 2315 D

235 2324 320 2356 Pln'l.
338 2336 344 2356 :
369 2326 518 2365 quintum
539 2324 569 2356 Ο
584 2336 592 2356 :
613 2335 711 2356 omne
727 2329 797 2356 tum
814 2327 862 2356 nx
887 2336 969 2357 num
986 2326 1168 2359 fomentum
1183 2328 1194 2357 ³

280 2367 358 2399 XCI
382 2379 456 2399 cum
473 2366 537 2399 XC
554 2369 745 2399 continuant
758 2370 796 2407 Ω,
815 2368 905 2400 nullo
918 2370 1022 2410 spatio
1037 2370 1140 2402 nliceo
