1682 2690
1083 126 1413 174 FRAGMENT.
1444 135 1529 174 vn

790 251 875 289 VII

235 327 376 361 Seruius
391 327 440 359 ad
459 327 543 370 Verg.
564 327 603 360 G.
623 327 655 359 ii.
672 336 715 367 95
733 326 831 358 Hanc
854 336 953 358 uuam
979 324 1214 367 (Rhaeticam)
1238 323 1324 356 Cato
1346 324 1531 365 praecipue

194 372 310 404 laudat
328 372 364 403 in
381 371 476 403 libris
492 381 580 412 quos
597 371 736 411 scripsit
753 371 795 402 ad
813 370 918 401 filium
936 381 943 401 :
968 376 1085 402 contra
1097 369 1252 400 Catullus
1268 378 1342 399 eam
1361 367 1531 408 uituperat

193 422 229 448 et
245 416 326 447 dicit
342 414 425 447 nulli
444 416 494 446 rei
512 424 589 446 esse
608 419 723 455 aptam
740 414 950 454 miraturque
966 423 1027 444 cur
1041 423 1116 444 eam
1133 412 1322 444 laudauerit
1337 411 1432 444 Cato.
1482 411 1531 452 Cf

194 459 295 492 Mart.
314 459 380 493 xiv.
401 469 464 490 100
478 462 508 490 et
523 457 564 490 E.
587 457 638 490 W.
655 457 698 490 Β.
715 457 905 498 Nicholson,
923 457 1027 488 Keltic
1041 455 1245 496 Researches,
1258 460 1294 497 p.
1318 465 1390 496 152.

776 537 884 575 VIII

237 612 372 645 Plinius
393 611 482 646 Hist.
508 611 587 645 Nat.
611 613 728 646 xxviii.
752 623 791 654 19
816 613 908 644 Hinc
927 612 1102 644 Theocriti
1118 612 1208 653 apud
1228 611 1389 652 Graecos,
1408 611 1531 644 Catulli

194 658 284 700 apud
300 667 363 689 nos
379 657 603 698 proximeque
622 656 751 697 Vergili
771 658 1096 688 incantamentorum
1112 656 1277 688 amatoria
1294 655 1446 688 imitatio.

800 745 861 782 IX

240 820 380 853 Samius
406 819 455 853 ad
481 820 567 862 Veoe.
591 820 676 853 Aen.
704 820 746 852 iv.
772 831 837 860 409
869 819 926 852 Sic
957 820 1057 852 etiam
1091 820 1257 852 Horatius
1280 820 1408 860 ‘Vade‚
1433 821 1531 861 uale;

196 875 282 896 caue
306 875 350 896 ne
374 865 500 896 titubes
525 865 751 904 mandataque
780 864 941 904 frangas‚‘
967 874 1044 895 nam
1072 874 1155 895 caue
1183 874 1226 895 ue
1250 864 1350 903 longa
1375 869 1438 905 est,
1467 875 1531 896 nec

196 908 323 940 uocalis
341 910 491 948 sequitur
507 912 544 939 ut
560 908 595 939 in
611 908 763 939 bucolico
783 907 890 948 ‘uale‚
909 907 997 948 uale,
1016 908 1135 949 inquit,
1150 907 1255 939 Iolla.’
1302 907 1372 939 Sed
1388 908 1531 940 dicimus

197 962 219 983 a
234 951 333 983 tertia
351 961 428 983 esse
445 951 682 992 coniugatione
699 951 946 991 imperatiuum,
963 956 999 983 ut
1017 953 1027 967 ‘
1040 962 1136 991 cauo,
1155 951 1272 984 cauis.'
1321 951 1413 983 Hinc
1429 952 1531 983 etiam

196 994 351 1027 Catullus
369 1005 490 1027 cauere
507 995 601 1028 dixit.
649 994 701 1028 Cf.
721 995 793 1026 Cat.
812 995 847 1027 L.
869 995 918 1036 18,
941 1005 990 1035 19,
1010 994 1102 1027 LXI.
1121 1004 1191 1034 15²·

813 1074 851 1111 X

239 1149 380 1182 Sentius
395 1149 444 1181 ad
462 1149 546 1191 ναξ.
564 1149 651 1181 Aen.
668 1160 700 1182 v.
717 1151 784 1181 610
799 1149 989 1181 Notandum
1015 1159 1099 1181 sane
1122 1150 1224 1181 etiam
1244 1150 1287 1182 de
1304 1149 1396 1182 Iride
1415 1160 1530 1182 arcum

195 1203 325 1234 genere
341 1192 530 1225 masculino
552 1194 668 1225 dicere
683 1193 870 1233 Vergilium
889 1205 896 1225 ε
923 1193 1080 1225 Catullus
1097 1198 1132 1225 et
1151 1193 1205 1225 alii
1224 1204 1353 1234 genere
1370 1194 1531 1225 feminino

195 1241 338 1288 ponunt,
371 1237 559 1269 reserentes
590 1237 633 1268 ad
667 1236 848 1277 originem,
875 1236 964 1268 sicut
995 1237 1079 1268 haec
1109 1236 1201 1268 Attis
1231 1242 1266 1268 et
1297 1238 1380 1269 haec
1412 1237 1531 1269 Gallus

195 1281 446 1356 legiilztltlzsCattis
452 1323 600 1365 plerique
608 1322 726 1355 codices
735 1322 855 1365 Seruii,
869 1323 956 1356 unde
970 1323 1050 1356 Sitti
1062 1323 1268 1356 scribendum
1278 1323 1410 1356 credidit
1419 1325 1529 1364 cattis,

198 1366 292 1398 Thilo
317 1372 346 1398 et
370 1367 492 1409 Hagen
512 1372 622 1399 cattus
637 1366 818 1399 ediderunt.
869 1367 1005 1399 Lachm.
1022 1367 1116 1400 Attis
1131 1367 1227 1408 dedit,
1246 1379 1343 1408 quem
1359 1378 1483 1409 sequor.
1501 1372 1532 1399 et

193 1421 257 1485 {31
245 1411 403 1486 sffi'ptum
418 1415 464 1443 est
475 1411 509 1443 in
525 1410 624 1443 codice
634 1409 799 1443 Seruiano
810 1410 844 1443 F
855 1414 884 1442 et
897 1421 919 1443 a
931 1415 1100 1444 correctore
1108 1410 1221 1444 codicis
1230 1411 1270 1444 L.
1321 1410 1400 1443 Vide
1411 1404 1528 1444 Catidl.

801 1510 863 1548 XI

235 1585 376 1619 Seruius
399 1586 448 1619 ad
476 1585 560 1627 Verg.
589 1585 676 1618 Aen.
702 1585 758 1617 vii.
785 1587 850 1626 378
874 1584 1026 1618 Catullus
1050 1586 1115 1618 hoc
1143 1585 1264 1618 turben
1288 1585 1368 1618 dicit
1398 1590 1434 1618 ut
1463 1586 1528 1618 hoc

192 1640 449 1706 ωἶιῗῃὶΧιν.
476 1683 536 1714 107
563 1673 713 1714 restabat
733 1672 883 1714 Spengel.
932 1672 1085 1705 Tibullus
1108 1678 1173 1715 pm
1195 1673 1330 1706 eatuno
1354 1673 1530 1705 semmam

191 1715 353 1757 Nan-sius,
369 1716 526 1749 Nic-olaus
544 1715 694 1754 Lomsis,
712 1716 756 1748 R.
775 1715 808 1747 V
805 1727 894 1758 nger.

790 1805 875 1843 XII

241 1880 338 1912 Varro
351 1879 389 1911 de
403 1878 446 1912 L.
464 1879 507 1912 L.
524 1880 579 1912 vii.
598 1890 643 1921 50
664 1880 868 1921 Vesperugo
892 1879 991 1912 stella
1009 1890 1098 1921 quae
1116 1890 1260 1921 uespere
1282 1879 1400 1921 oritur,
1419 1891 1440 1913 a
1459 1891 1527 1922 quo

191 1934 264 1955 eam
276 1923 411 1965 Opilius
423 1924 540 1956 scribit
549 1924 757 1965 Vesperum;
777 1926 892 1965 itaque
903 1925 1025 1956 dicitur
1039 1924 1231 1964 'lalterum†
1247 1924 1395 1966 ‘Vesper
1405 1925 1526 1967 adest,'

191 1978 292 2008 quem
307 1968 424 2000 dicunt
441 1967 563 2000 Graeci
580 1967 766 2010 διεσπέριον.

235 2012 404 2044 alternum
432 2010 525 2044 Riese
549 2012 580 2044 h.
601 2022 627 2044 e.
656 2012 836 2051 ἇμοιβαΐον,
860 2012 1006 2053 sonasse
1035 2012 1240 2045 alternatim.
1308 2011 1372 2044 Ad
1400 2012 1522 2045 Catuli.

194 2054 302 2087 LXII.
322 2065 335 2086 1
349 2056 484 2096 primus
498 2055 650 2096 referebat
667 2054 699 2086 V
697 2055 818 2096 ulpius,
837 2056 910 2087 dein
927 2056 1095 2087 Baehrens
1109 2059 1138 2087 et
1152 2055 1254 2088 Riese.

773 2146 882 2184 XIII

239 2220 342 2254 Varm
356 2222 395 2254 de
410 2222 450 2255 L.
470 2223 510 2256 L.
530 2223 572 2255 vi.
590 2225 612 2254 6
636 2223 715 2255 Nox
730 2224 832 2267 quod,
852 2229 888 2256 ut
904 2223 1047 2256 Catulus
1064 2224 1236 2266 (Catullus
1251 2225 1378 2267 aliquot
1393 2224 1524 2269 codioes)

192 2266 251 2306 ait,
270 2266 382 2298 omnia
397 2267 462 2298 nisi
479 2266 683 2298 interueniat
698 2267 748 2299 sol
767 2269 888 2308 pruina
904 2269 1127 2308 obriguerint,
1144 2270 1234 2309 quod
1252 2275 1364 2308 nocet,
1382 2280 1462 2302 nox.

235 2308 338 2341 Hunc
358 2309 465 2342 locum
493 2309 651 2342 Varronis
667 2311 804 2352 primus
825 2311 993 2344 Baehrens
1015 2311 1061 2343 ad
1085 2311 1271 2346 Catullum.
1295 2312 1354 2344 sed
1373 2314 1408 2345 in
1435 2318 1526 2354 opere

191 2352 350 2394 deperdito
372 2364 473 2395 neque
492 2354 578 2385 inter
594 2356 744 2387 carmina
766 2355 957 2387 reuocabat:
981 2366 1039 2397 ego
1055 2355 1101 2387 ad
1116 2355 1241 2388 Catulli
1262 2356 1373 2390 LXII.
1389 2367 1431 2397 32
1447 2367 1522 2398 sqq.

192 2397 250 2428 ubi
261 2407 377 2428 uersus
392 2397 549 2429 nonnulli
559 2397 751 2430 exa'dmnt.
