1650 2684
1057 61 1300 102 CARMEN
1331 61 1470 100 LXIV

137 193 211 220 nec
238 186 347 231 patet
374 191 552 229 egressus
579 176 709 230 pelagi
737 175 988 228 cingentibus
1018 175 1160 215 undis:
1405 182 1467 222 185

137 245 244 284 nulla
271 245 386 295 fugae
414 243 524 291 ratio,
555 244 665 283 nulla
692 255 807 294 spes:
845 240 980 282 omnia
1008 248 1132 289 muta,

137 308 272 349 omnia
300 315 392 348 sunt
419 309 585 356 deserta,
616 313 818 348 ostentant
845 305 980 346 omnia
1008 307 1143 346 letum.

138 387 219 413 non
247 380 381 413 tamen
409 380 502 413 ante
530 373 628 412 mihi
656 374 912 424 languescent
940 371 1091 411 lumina
1118 378 1256 418 morte,

139 451 213 478 nec
240 438 348 490 prius
375 451 400 478 a
426 439 532 478 fesso
560 439 750 478 secedent
778 451 943 489 corpore
972 451 1121 485 sensus,

137 516 259 555 quam
286 502 429 543 iustam
457 516 482 542 a
509 502 613 543 diuis
642 516 853 554 exposcam
883 501 1039 554 prodita
1066 503 1244 550 multam,
1410 515 1473 549 190

138 569 433 618 caelestumque
461 568 583 608 fidem
611 574 814 619 postrema
841 579 1070 617 comprecer
1098 566 1206 605 hora.

139 645 260 684 quare
287 633 390 671 facta
417 632 547 671 uirum
576 634 791 672 multantes
819 631 980 671 uindice
1008 644 1149 682 poena,

141 696 395 745 Eumenides,
426 697 572 748 quibus
599 696 775 749 anguino
804 696 987 736 redimita
1015 695 1160 747 capillo

138 763 246 802 frons
273 761 504 814 exspirantis
533 769 758 814 praeportat
786 760 957 813 pectoris
986 760 1072 809 iras,

139 829 218 867 huc
244 828 324 867 huc
351 828 576 876 aduentate‚
609 840 718 867 meas
746 826 881 867 audite
910 827 1115 877 querellas,
1410 840 1468 874 ¹95

139 905 237 944 quas
265 905 350 943 ego,
381 905 456 932 uae
484 892 661 941 miserae,
692 891 876 932 extremis
904 892 1077 943 proferre
1105 891 1290 930 medullis

139 970 258 1008 cogor
286 956 412 1008 inops,
443 958 598 1005 ardens,
629 956 779 997 amenti
808 969 928 996 caeca
955 957 1096 996 furore.

140 1032 242 1071 quae
269 1020 459 1070 quoniam
487 1033 606 1059 uerae
634 1027 850 1059 nascuntur
877 1026 1038 1071 pectore
1065 1019 1117 1058 ab
1146 1018 1262 1066 imo„

140 1097 212 1124 uos
240 1084 363 1124 nolite
391 1084 472 1136 pati
501 1072 680 1125 nostrum
709 1097 923 1125 uanescere
950 1085 1113 1131 luctum,

141 1150 211 1189 sed
239 1148 346 1201 quali
374 1151 501 1189 solam
529 1151 711 1190 Theseus
741 1163 805 1189 me
834 1156 968 1188 mente
996 1148 1164 1199 reliquit,
1412 1164 1475 1187 200

141 1213 208 1253 tali
236 1221 380 1262 mente,
411 1215 521 1263 deae,
553 1216 725 1255 funestet
754 1227 876 1265 seque
905 1215 1102 1265 suosque)

140 1279 210 1318 has
238 1286 451 1330 postquam
480 1287 633 1320 maesto
661 1279 836 1331 profudit
864 1285 1024 1330 pectore
1052 1291 1184 1326 uoces,

141 1343 378 1395 supplicium
407 1344 537 1384 saeuis
566 1357 785 1396 exposcens
813 1343 929 1384 anxia
956 1343 1080 1391 factis,

140 1407 278 1448 annuit
306 1408 457 1448 inuicto
485 1411 703 1449 caelestum
733 1409 897 1449 numine
927 1415 1064 1448 rector.

141 1486 222 1524 quo
250 1481 361 1513 motu
390 1475 506 1513 tellus
533 1481 655 1525 atque
684 1473 843 1514 horrida
870 1480 1195 1514 contremuerunt
1412 1490 1476 1523 205

141 1551 313 1589 aequora
340 1538 621 1590 concussitque
650 1538 836 1578 micantia
864 1538 993 1578 sidera
1021 1539 1204 1578 mundus.

142 1601 226 1654 ipse
253 1610 387 1660 autern
416 1616 535 1643 caeca
563 1610 739 1643 mentem
768 1602 935 1654 caligine
962 1603 1144 1642 Theseus

142 1667 318 1707 consitus
346 1667 472 1708 oblito
499 1667 650 1708 dimisit
678 1675 839 1719 pectore
866 1675 1024 1716 cuncta,

143 1745 245 1783 quae
274 1734 462 1772 mandata
490 1733 598 1784 prius
627 1732 826 1773 constanti
855 1739 990 1772 mente
1018 1733 1191 1781 tenebat,

144 1796 276 1837 dulcia
303 1810 378 1837 nec
407 1805 558 1837 maesto
587 1799 798 1837 sustollens
827 1797 939 1849 signa
966 1797 1120 1849 parenti
1343 1792 1345 1794 V
1412 1814 1476 1837 210

190 1901 251 1942 185
270 1905 363 1942 patet
380 1900 498 1933 GOD:
522 1906 622 1942 pater
636 1877 735 1933 Rnk
745 1901 916 1934 BLa¹Ac
1024 1901 1088 1933 186
1099 1900 1183 1942 fort.
1198 1901 1322 1934 nunast
1414 1912 1477 1942 190

145 1944 282 1976 multam
297 1945 337 1976 L.
356 1943 515 1976 Mueller:
538 1945 698 1977 muletam
716 1944 769 1977 O:
793 1946 952 1977 mulctam
968 1948 995 1976 Ω
1109 1955 1170 1986 191
1196 1955 1392 1985 comprecer
1407 1951 1451 1986 ap
1468 1957 1477 1976 z

145 1997 342 2028 comprecor
353 1991 381 2019 Ω
487 1998 549 2028 193
564 1989 717 2029 anguino
729 1992 756 2020 Ω
848 1999 910 2029 194
925 1999 1002 2030 exp.
1015 1991 1042 2020 Ω
1134 1998 1197 2028 195
1209 1992 1285 2030 post
1293 1989 1477 2020 aduentare
1532 1983 1534 1985 ¹

146 2041 267 2066 rasura
281 2035 328 2062 est
340 2022 486 2063 duarum
503 2033 688 2064 litterarum
703 2033 738 2063 in
757 2032 787 2064 G
834 2032 991 2072 fuer-atne
1005 2032 1099 2073 pias?
1144 2032 1313 2072 querellas
1332 2031 1453 2063 OBAa
1468 2044 1476 2063 :

146 2074 303 2114 querelas
321 2073 385 2106 GR
393 2074 451 2107 Ven
547 2077 609 2116 196
627 2076 772 2108 miserae
788 2076 845 2108 D:
868 2076 992 2108 misera
1008 2079 1048 2115 Ω,
1064 2075 1198 2117 Benth
1309 2076 1371 2115 198
1394 2085 1476 2107 uere

149 2117 278 2149 GOVen
407 2129 474 2151 200
496 2120 603 2159 qualis
619 2119 692 2151 sola
708 2123 756 2153 n:
779 2130 859 2152 corr.
874 2125 918 2161 ap
1064 2129 1126 2151 201
1151 2120 1300 2151 fimestet
1317 2119 1347 2151 G
1363 2129 1407 2150 m.
1422 2123 1473 2160 pr.

148 2164 188 2193 ut
201 2160 332 2193 affletur
416 2172 481 2202 204
504 2163 631 2194 inuicto
646 2163 691 2202 B,
707 2163 885 2195 Auantius
899 2174 907 2195 ε
931 2162 1046 2195 inuito'
1057 2166 1084 2193 Ω
1099 2174 1107 2194 :
1138 2162 1172 2194 in
1190 2168 1271 2194 uoto
1286 2162 1322 2192 D
1412 2172 1476 2202 205

147 2204 216 2245 qu6
243 2209 324 2236 tunc
349 2204 436 2237 OR:
469 2206 538 2246 qn&
561 2211 640 2238 tunc
666 2206 696 2238 G
718 2211 756 2238 ut
778 2207 892 2238 uisum
915 2210 962 2238 est
985 2206 1125 2238 Claudio
1146 2205 1191 2238 D.
1218 2205 1385 2239 Cobham:
1409 2217 1476 2247 quo

148 2251 229 2279 tunc
258 2247 381 2280 BLa1:
411 2250 583 2290 quomodo
613 2254 693 2282 tunc
722 2250 756 2280 A
763 2250 792 2281 C
796 2250 875 2282 Ven:
908 2260 975 2290 quo
1000 2254 1092 2280 motu
1119 2249 1244 2289 Heyse:
1284 2260 1352 2290 quo
1383 2255 1476 2282 moto

148 2291 326 2324 Hea'scher:
348 2302 415 2332 quo
427 2297 511 2325 nutu
526 2298 562 2325 et
575 2293 642 2325 Fea
730 2299 969 2326 contrumuere
978 2293 1033 2325 D:
1058 2297 1296 2325 contremuere
1307 2293 1476 2326 Rossbach

148 2345 212 2376 207
232 2339 385 2368 menter)
399 2347 408 2368 ι
428 2347 514 2370 num
530 2337 675 2370 mentis?
