1592 2664
641 115 958 156 PRAEFATIO

199 216 276 255 His
321 216 479 256 adiunxi
528 216 625 257 alios
672 218 839 268 quorum
888 219 986 259 fides
1005 229 1008 231 ·
1032 216 1263 273 plerumque
1287 221 1456 275 ¹'integra

145 280 227 320 uisa
257 287 325 328 est,
360 280 398 320 in
433 280 567 331 primis
602 281 908 321 Laurentianum
941 281 1158 323 secundum
1191 285 1309 334 (Plut.
1343 286 1454 325 xxxiii

143 344 232 383 cod.
272 345 346 396 12),
379 343 596 383 Parisinum
629 345 742 394 7989,
774 345 1010 386 Harleianos
1036 347 1129 395 duo,
1159 359 1326 399 quorum
1358 345 1456 389 ‘alter

147 418 247 457 ²5⁷4
272 405 333 458 (h)
359 420 475 459 saepe
500 407 695 447 consentit
718 420 809 447 cum
836 408 1052 450 Oxoniensi
1079 409 1164 461 (0),
1194 411 1292 452 alter
1315 412 1456 464 (4094)

145 476 233 520 post
265 470 466 510 Tibullum
502 471 826 523 Propertiumque
846 473 979 514 habet
1007 474 1152 515 Catulli
1186 475 1293 524 LXI,
1323 476 1454 525 LXII,

146 534 200 580 11,
222 535 270 581 X,
293 535 429 582 V—IX,
453 536 664 575 XI-XVII
690 547 748 584 14,
769 536 851 576 duo
872 537 1135 589 Phillippicos‚
1157 539 1321 578 alterum
1338 551 1454 591 9591,

144 597 327 648 scriptum
348 612 453 639 anno
478 612 522 647 ¹4
527 611 548 651 5
554 612 576 650 3
597 598 721 650 (nunc
745 600 858 640 BodL
882 602 965 641 Lat.
987 601 1112 642 Class.
1132 614 1165 641 e.
1193 601 1268 652 17),
1288 604 1454 643 alterum

145 664 247 710 3364
269 663 391 712 (nunc
412 665 525 704 Bodl.
550 665 632 703 Lat.
655 664 778 709 Class.
800 677 834 704 e.
863 665 929 716 15)
945 679 956 714 ς
983 673 1191 717 praeterea,
1217 678 1455 718 quamquam

144 724 304 768 minoris
323 726 599 775 aestimandos,
621 729 881 769 caesenatem
902 741 1001 769 saec.
1018 742 1067 769 xv
1081 728 1267 778 exeuntis,
1285 729 1455 782 Carpen-

145 795 399 830 toractensem
416 791 689 843 (Carpentras)
707 803 754 843 35
762 804 795 842 7,
811 792 1037 833 Brixianum
1052 794 1092 833 A
1107 793 1170 833 vii.
1187 803 1220 843 7,
1236 793 1455 834 Riccardia-

143 867 236 893 num
260 868 373 904 2242,
394 857 644 896 Parmensem
669 859 755 906 716,
778 856 1008 897 Perusinum
1033 855 1101 910 (p)
1124 856 1190 908 qui
1217 857 1322 898 idem
1342 858 1455 898 Cuia-

142 918 277 958 cianus
296 920 419 960 fuerat
437 920 631 971 Scaligeri,
652 933 759 960 nunc
777 928 837 961 est
857 920 958 961 inter
975 921 1095 961 libros
1115 921 1306 961 Samuelis
1325 922 1452 970 Allen,

145 982 399 1024 Dublinensis
412 999 424 1034 3
452 993 650 1037 praeterea
668 985 848 1026 codicem
868 986 1068 1037 quendam
1088 987 1263 1026 Gualteri
1284 985 1456 1026 Ashbur·

143 1059 221 1094 ner,
249 1046 342 1087 olim
370 1047 469 1088 inter
494 1050 622 1089 socios
652 1048 805 1100 collegii
833 1049 1097 1090 Mertonensis
1126 1050 1233 1101 apud
1259 1049 1454 1091 Oxonien-

142 1123 214 1160 ses,
245 1112 511 1153 continentem
545 1115 687 1155 Catull.
719 1115 864 1154 I-LXI
897 1125 969 1164 127
999 1120 1038 1154 et
1070 1114 1266 1165 quaedam
1293 1114 1452 1154 Tibulli.

143 1177 232 1215 Hos
257 1177 377 1217 rarius
403 1184 558 1217 tantum
582 1177 765 1229 excerpsi,
794 1182 945 1228 praeter
972 1179 1084 1218 Laut.
1112 1177 1237 1218 xxxiii.
1268 1192 1327 1227 12,
1355 1178 1455 1218 Har-

142 1239 301 1288 leianos,
317 1240 546 1280 Perusinum
562 1240 639 1293 (p),
653 1248 692 1282 et
708 1242 821 1282 Bodl.
838 1243 922 1281 Lat.
937 1241 1060 1283 class.
1075 1255 1108 1282 e.
1127 1253 1185 1293 15,
1200 1243 1306 1282 hunc
1318 1250 1455 1294 utpote

142 1305 350 1354 peculiaria
369 1306 560 1344 nonnulla
582 1311 850 1356 praestantem.
863 1305 1006 1356 quibus
1025 1304 1277 1357 uerispecies
1297 1305 1452 1354 inesset,

135 1374 166 1417 p
185 1375 227 1407 ut
246 1368 502 1417 coniecturas,
523 1381 625 1420 quae
643 1368 789 1409 Catulli
809 1376 957 1408 textum
977 1381 1023 1409 ex
1042 1370 1251 1410 doctorum
1270 1370 1454 1410 emenda-

142 1430 259 1479 tione,
282 1431 489 1483 praecipue
509 1433 709 1480 Italorum,
726 1445 827 1472 saec.
843 1446 892 1471 xv
905 1432 1144 1484 occuparint⁴
1193 1434 1252 1473 Ea
1266 1435 1452 1485 quoniam

142 1497 193 1535 ad
213 1495 413 1537 Catullum
432 1496 708 1548 explicandum
728 1509 810 1536 non
829 1502 920 1536 sunt
940 1498 1024 1536 sine
1047 1496 1184 1548 pretio,
1205 1495 1296 1536 ideo
1314 1497 1452 1545 adieci,

143 1571 382 1610 quamquam
402 1572 483 1599 non
497 1560 666 1612 diffiteor
683 1560 932 1611 prolixiorem
949 1562 1005 1600 sic
1023 1561 1166 1600 saetam
1182 1572 1268 1601 esse
1282 1562 1452 1611 speciem

142 1630 349 1674 apparatus
367 1623 489 1676 critici
509 1636 628 1674 quam
647 1630 714 1664 aut
733 1624 853 1665 libelli
874 1636 1012 1665 norma
1030 1624 1256 1675 postulabat
1277 1624 1345 1664 au't
1371 1625 1453 1676 ipse

145 1698 390 1737 susceperam
406 1688 696 1739 uolueramque,
939 1692 942 1695 ⁴

770 2401 821 2443 xii
