1592 2664
624 107 944 147 PRAEFATIO

122 215 248 255 simile
281 222 351 262 est,
386 215 521 254 omnia
554 212 759 265 deperdita
792 219 831 251 et
862 225 910 252 ex
941 209 1149 250 hominum
1182 211 1372 249 memoria
1403 223 1450 248 ac

122 279 346 332 cognitione
366 281 520 319 sublata
540 280 629 319 sint.

175 347 296 385 Anno
339 357 438 396 1375
480 353 657 385 exaratus
696 352 755 384 est
798 345 925 384 codex
970 342 1320 394 Sangermanensis
1359 343 1449 395 (G),

122 425 229 451 nunc
246 410 443 451 Parisinus
463 422 605 461 14137,
620 424 701 462 quo
721 424 802 450 non
818 410 1012 450 habemus
1028 408 1274 449 ueteriorem.
1325 411 1388 449 De
1403 423 1452 449 eo

123 476 251 515 scriba
280 476 379 516 haec
412 475 509 516 dicit
545 477 630 514 ‘Tu
664 476 787 515 lector
817 473 1048 527 quicunque
1078 475 1130 515 ad
1164 475 1276 514 cuius
1311 488 1452 514 manus

123 540 187 579 hic
213 540 368 581 libellus
391 539 613 590 obuenerit,
640 539 819 592 scriptori
844 541 896 580 da
921 538 1080 580 ueniam
1105 538 1137 579 si
1167 539 1239 579 tibi
1265 548 1453 592 coruptus

124 604 332 646 uidebitur.
391 605 593 657 Quoniam
612 619 636 645 a
655 604 951 657 corruptissimo
970 604 1182 656 exemplari
1198 604 1452 657 transcripsit,

124 684 206 710 non
227 671 334 711 enim
353 671 572 724 quodpiam
590 670 699 711 aliud
719 671 888 719 extabat,
908 672 1017 711 unde
1037 678 1169 722 posset
1194 670 1315 710 libelli
1337 670 1454 710 huius

125 737 270 778 habere
296 737 452 790 copiam
482 736 759 789 exemplandi.’
815 736 996 778 Credidit
1023 736 1139 788 igitur
1167 736 1208 777 id
1235 738 1346 788 quod
1372 751 1456 776 non

125 803 298 843 debebat
317 804 488 852 credere,
510 816 635 843 unum
655 810 751 842 tunc
770 809 901 842 extare
920 803 1120 854 exemplar
1139 802 1454 843 Catullianorum

124 867 356 917 carminum,
385 868 427 909 id
450 882 575 908 unum
602 881 644 908 se
667 867 935 908 transcribere.
994 869 1048 906 At
1077 866 1155 906 iam
1184 874 1277 907 ante
1304 881 1456 906 annum

131 947 231 984 1329
269 934 451 975 Catullus
495 933 719 973 innotuerat
762 934 956 981 Mussato,
997 932 1107 973 breui
1147 940 1236 984 post
1274 933 1457 973 laudatus

126 999 251 1039 fuerat
269 1012 294 1038 a
313 998 568 1050 Pastrengico
581 1013 594 1048 ς
621 1000 829 1038 Petrarcae
854 997 1050 1050 integrum
1077 999 1277 1050 exemplar
1300 1005 1458 1050 praesto

127 1064 210 1113 suit,
239 1078 289 1104 ex
315 1077 397 1116 quo
431 1063 602 1103 hauriret
634 1077 737 1115 quae
770 1064 835 1103 uel
863 1062 1038 1103 imitatus
1067 1062 1117 1103 sit
1146 1063 1186 1103 in
1216 1064 1458 1104 carminibus

127 1129 207 1169 suis
222 1131 286 1169 uel
302 1129 343 1169 in
358 1129 540 1170 codicem
557 1143 673 1169 suum
687 1128 836 1181 Vergili
851 1135 1055 1181 tamquam
1071 1131 1179 1169 hunc
1195 1130 1459 1182 explicaturus

128 1195 343 1245 rettulerit,
369 1209 444 1236 nec
473 1202 605 1247 potest
627 1195 798 1236 dubitari
818 1208 921 1247 quae
939 1202 1032 1235 ante
1058 1209 1210 1235 annum
1235 1208 1336 1247 1374
1356 1199 1460 1238 adeo

128 1262 450 1313 peruulgarentur
487 1268 530 1301 ut
567 1261 662 1301 inde
700 1260 863 1301 Boccati
905 1262 1091 1312 aequales
1136 1263 1335 1302 traherent
1380 1264 1460 1303 suis

128 1325 266 1366 usibus
304 1326 460 1376 idonea,
500 1329 682 1367 Petrarca
721 1328 844 1367 modo
881 1340 1018 1366 uersus
1052 1327 1189 1367 citaret
1228 1327 1269 1367 in
1309 1329 1460 1367 Latinis

128 1393 339 1442 opusculis,
376 1394 499 1433 modo
532 1392 791 1432 Maronianos
824 1405 962 1433 uersus
995 1391 1204 1434 illustraret
1238 1393 1381 1434 similia
1414 1408 1461 1435 ex

129 1459 288 1499 Catullo
307 1458 348 1498 in
366 1459 516 1510 Vergili
535 1459 716 1500 codicem
736 1467 915 1508 enotans,
936 1460 1061 1499 modo
1075 1459 1220 1499 amoris
1241 1459 1302 1500 sui
1322 1474 1461 1501 sensus

130 1523 271 1564 Italico
307 1537 491 1564 sermone
528 1524 760 1576 exprimeret
799 1525 946 1565 Catulli
984 1524 1160 1565 imitatus
1198 1525 1374 1565 carmina
1410 1528 1462 1566 ad

129 1588 328 1638 Lesbiam,
362 1603 443 1630 non
477 1603 558 1629 uno
592 1597 747 1630 tantum
780 1591 922 1630 codice
950 1597 1035 1630 tum
1065 1598 1206 1640 extare,
1236 1593 1309 1632 sed
1337 1592 1462 1632 fusius

128 1653 215 1705 legi,
245 1662 457 1705 postquam
485 1656 613 1694 codex
641 1654 707 1694 ille
735 1652 856 1706 quem
885 1654 999 1694 initio
1028 1657 1109 1695 fere
1137 1669 1237 1695 saec.
1269 1656 1332 1696 xiv
1356 1671 1462 1697 com-

128 1718 297 1769 patriota
329 1719 571 1760 Veronensis
610 1719 815 1760 inuenerat
849 1721 1052 1761 Catullum
1091 1721 1348 1772 popularibus
1383 1722 1463 1762 suis

128 1783 240 1836 quasi
260 1798 308 1824 ex
327 1785 493 1825 mortuis
514 1785 739 1826 rediuiuum
759 1785 1004 1825 restituisset.
1064 1785 1167 1836 Quis
1186 1786 1294 1827 enim
1314 1788 1461 1836 credat,

130 1852 336 1891 Petrarcae
373 1850 602 1902 praesertim
635 1858 775 1899 aetate,
815 1851 918 1891 adeo
956 1850 1177 1890 incuriosos
1211 1853 1463 1893 Veronenses

130 1915 250 1956 fuisse
265 1923 308 1956 ut
322 1924 482 1968 poetam
498 1930 615 1957 suum
630 1918 743 1969 quasi
762 1930 893 1957 rursus
909 1919 1110 1969 sepultum
1126 1917 1301 1958 sinerent
1320 1919 1465 1959 latere?

131 1981 272 2031 Quid?
307 1996 390 2022 non
423 1981 616 2023 uniuersis
649 1982 759 2022 Italis
787 1984 943 2035 μέλημα
969 1984 1123 2023 futurus
1153 1985 1264 2024 erat?
1320 1985 1464 2037 Itaque

130 2046 393 2087 Germanensi
426 2061 509 2088 non
537 2048 629 2088 ideo
657 2048 870 2101 praecipua
897 2049 1032 2090 danda
1062 2049 1160 2089 fides
1188 2056 1249 2089 est
1277 2051 1388 2101 quod
1415 2064 1463 2091 ex

131 2124 214 2151 uno
246 2119 332 2152 tum
365 2113 573 2165 superstite
606 2115 818 2165 exemplari
847 2114 1068 2166 descriptus
1098 2114 1216 2154 fuerit
1243 2113 1328 2166 (uix
1356 2115 1462 2155 enim

132 2175 220 2216 sciri
240 2177 282 2217 id
301 2177 465 2229 quidem
483 2178 642 2232 potuit),
664 2180 735 2220 sed
755 2181 866 2231 quod
884 2187 1013 2220 aetate
1037 2179 1201 2232 propius
1220 2180 1386 2220 accessit
1411 2182 1464 2221 ad

132 2241 314 2283 codicem
334 2257 454 2294 quem
469 2244 710 2285 Veronensis
727 2245 832 2285 circa
846 2245 1002 2286 initium
1017 2245 1164 2285 saeculi
1179 2245 1243 2285 xiv
1258 2246 1464 2287 inuenerat

132 2320 252 2359 quam
272 2309 392 2349 ceteri
411 2323 512 2361 quos
531 2323 639 2350 nunc
658 2310 852 2351 habemus
872 2311 1043 2352 codices.

186 2374 498 2416 Germanensem
532 2375 708 2427 proxime
741 2384 869 2416 aetate
902 2376 1099 2428 attingens
1133 2378 1372 2419 oxoniensis
1406 2388 1465 2420 est

769 2454 822 2482 vu
