1682 2690
280 139 520 179 CATVLLI

279 254 320 287 ut
349 247 424 286 iam
455 260 527 286 nec
557 247 657 286 bene
685 247 787 286 uelle
815 254 931 297 queat
960 246 1042 293 tibi,
1073 246 1103 285 si
1132 246 1281 298 optima
1307 247 1388 298 fias,

331 323 404 351 nec
431 310 617 351 desistere
644 323 786 358 amare,
816 310 950 350 omnia
977 310 1008 349 si
1038 310 1167 350 facias.

808 421 981 461 LXXVI

277 502 403 547 SiovA
432 500 650 541 recordanti
680 502 884 541 benefacta
911 501 1039 552 priora
1066 503 1248 553 uoluptas

328 571 387 604 est
415 564 576 613 homini,
607 578 697 604 cum
726 578 768 604 se
796 565 940 617 cogitat
968 578 1053 605 esse
1082 565 1200 616 pium,

276 641 348 668 nec
377 636 552 668 sanctam
580 628 748 668 uiolasse
777 630 907 676 fidem,
938 642 1011 669 nec
1039 631 1197 670 foedere
1224 630 1264 669 in
1294 631 1374 670 ullo

328 692 465 732 diuum
493 694 544 732 ad
573 694 764 732 fallendos
792 693 955 733 numine
981 693 1148 733 abusum
1176 693 1368 743 homines,

276 759 397 796 multa
425 764 558 807 parata
586 764 746 796 manent
774 756 813 795 in
842 757 958 808 longa
985 764 1123 805 aetate,
1153 758 1321 806 Catulle,
1566 776 1584 808 5

328 833 375 859 ex
402 821 479 860 hoc
507 820 657 871 ingrato
684 820 826 871 gaudia
852 833 985 859 amore
1013 820 1096 860 tibi.

275 897 366 923 nam
381 891 654 934 quaecumque
673 883 854 923 homines
874 883 976 924 bene
994 883 1177 935 cuiquam
1191 891 1259 924 aut
1273 884 1403 925 dicere
1422 892 1585 936 possunt

326 955 394 988 aut
422 949 559 996 facere,
589 949 686 987 haec
713 961 737 987 a
765 955 804 988 te
832 948 1016 999 dictaque
1043 949 1224 1000 factaque
1251 957 1352 989 sunt.

274 1012 407 1052 omnia
434 1025 535 1063 quae
563 1011 734 1063 ingratae
761 1012 957 1064 perierunt
984 1012 1131 1052 credita
1158 1013 1290 1053 menti.

326 1089 445 1128 quare
473 1076 551 1116 iam
579 1083 618 1116 te
646 1089 715 1115 cur
740 1076 908 1128 amplius
935 1076 1162 1117 excrucies?
1544 1094 1586 1121 ro

273 1141 369 1192 quin
397 1148 440 1181 tu
466 1140 600 1180 animo
627 1141 796 1180 offirmas
823 1148 941 1192 atque
967 1141 1083 1181 istinc
1110 1149 1149 1181 te
1176 1141 1260 1193 ipse
1285 1142 1451 1191 reducis,

325 1213 365 1245 et
392 1204 452 1245 dis
481 1204 613 1245 inuitis
641 1204 788 1244 desinis
815 1218 900 1245 esse
928 1204 1072 1245 miser?

273 1269 429 1309 difficile
457 1275 515 1308 est
543 1270 703 1320 longum
734 1269 865 1308 subito
893 1270 1090 1320 deponere
1117 1282 1302 1310 amorem.

326 1333 483 1373 difficile
510 1340 579 1380 est,
610 1346 746 1373 uerum
774 1335 851 1373 hoc
879 1347 957 1384 qua
984 1333 1092 1373 lubet
1119 1334 1286 1375 efficias:

273 1410 351 1437 una
378 1398 481 1437 salus
509 1397 607 1436 haee
635 1404 703 1444 est,
735 1398 810 1436 hoc
838 1404 897 1436 est
924 1396 995 1436 tibi
1024 1397 1345 1448 peruincendum,
1545 1415 1583 1448 ¹5

272 1503 340 1538 tua,
362 1509 437 1531 mea
463 1499 594 1537 Lesbia,
617 1498 726 1539 culpa,
747 1498 859 1539 Atque
887 1500 933 1531 ita
960 1510 998 1531 se
1025 1501 1134 1532 officio
1165 1501 1312 1543 perdidit
1338 1502 1413 1543 ipsa
1442 1511 1514 1541 suo,
1537 1502 1582 1535 Vt

272 1543 337 1574 iam
358 1551 422 1574 nec
443 1542 530 1573 bene
552 1541 639 1573 uelle
659 1551 778 1581 queam
798 1541 870 1581 tibi,
885 1542 913 1573 si
933 1543 1061 1582 optima
1082 1543 1154 1584 fias,
1179 1543 1252 1576 Nec
1270 1545 1434 1578 desistere
1457 1554 1581 1584 amare,

270 1585 383 1616 omnia
397 1585 426 1616 si
443 1584 556 1616 facias.
584 1583 790 1625 scaligerum
802 1584 946 1625 plerique
957 1586 1059 1617 secuti
1069 1590 1148 1618 sunt
1162 1590 1192 1618 et
1205 1586 1341 1620 Lachm.
1349 1610 1358 1626 ,
1373 1588 1433 1629 qui
1442 1598 1581 1620 errorem

269 1627 319 1660 ad
345 1627 559 1668 transpositas
582 1626 727 1668 paginas
755 1626 914 1668 archetypi
940 1628 1090 1669 reserabat
1193 1630 1337 1662 deducta
1360 1633 1409 1663 n:
1449 1631 1582 1663 diducta

271 1670 407 1702 Lachm.
426 1680 435 1702 :
457 1670 600 1702 adducta
610 1674 637 1710 p
722 1679 742 1710 3
765 1669 854 1701 uelle
870 1676 972 1711 queat
987 1671 1046 1702 tibi
1057 1671 1210 1704 Lachne:
1231 1673 1386 1714 uelleque
1396 1677 1446 1706 tot
1455 1673 1515 1705 tibi
1531 1675 1558 1705 Ω
1573 1684 1583 1705 z

271 1713 359 1744 uelle
375 1723 495 1752 queam
512 1712 569 1743 tibi
580 1717 607 1753 p
627 1722 667 1743 ex
679 1723 759 1744 corr.
776 1711 856 1744 Itali
865 1713 971 1755 ignoti

316 1755 459 1787 LXXVI
475 1765 551 1787 cum
567 1753 668 1786 LXX
670 1755 703 1786 V
707 1755 898 1788 continuant
907 1758 945 1794 n,
959 1756 1049 1788 nullo
1061 1758 1164 1799 ,φαέίο
1179 1757 1282 1790 relicto
1366 1768 1388 1799 3
1403 1759 1438 1790 iu
1455 1759 1523 1790 ullo
1533 1762 1577 1799 p:

271 1798 362 1830 nullo
378 1801 405 1829 Ω
550 1808 570 1837 4
594 1798 729 1829 numine
749 1800 775 1829 Ω
791 1809 799 1830 :
818 1798 894 1838 sort.
911 1799 1045 1831 nomine
1089 1799 1154 1832 Cic.
1170 1800 1266 1832 Font.
1282 1800 1349 1833 xiv.
1368 1811 1412 1841 30
1431 1800 1582 1842 Iuppiter

272 1841 364 1872 cuius
380 1841 516 1872 nomine
532 1840 674 1872 maiores
690 1841 794 1872 nostri
816 1842 960 1873 uinctam
976 1843 1240 1874 testimoniorum
1258 1843 1357 1875 fldem
1374 1853 1451 1876 esse
1466 1844 1580 1876 uolue-

271 1889 349 1916 runt
529 1893 549 1924 5
573 1890 707 1916 manent
722 1883 824 1915 Laur.
843 1893 895 1924 33.
917 1894 955 1915 12
971 1884 1063 1926 Dap:
1085 1886 1231 1918 manenti
1247 1889 1296 1918 n:
1319 1892 1512 1919 manentum
1528 1886 1581 1918 O:

272 1931 408 1958 manent
425 1930 494 1958 tum
511 1925 650 1959 Schulze
820 1938 843 1967 9
865 1928 1045 1968 omniaque
1061 1931 1087 1959 Ω
1235 1938 1274 1961 10
1297 1929 1360 1960 iam
1378 1934 1412 1961 te
1427 1940 1487 1962 cur
1500 1929 1558 1961 Da
1572 1941 1581 1961 τ

271 1980 331 2001 cur
346 1975 379 2002 te
403 1969 467 2000 iam
485 1972 511 2000 Ω
529 1980 537 2001 z
560 1979 619 2001 cur
641 1970 729 2001 curis
752 1974 786 2001 te
807 1970 950 2009 amplius
973 1969 1118 2003 Busdne:
1151 1980 1213 2003 cur
1234 1977 1267 2003 te
1291 1972 1355 2003 iam
1378 1972 1531 2012 pluribus
1549 1981 1579 2004 e.

270 2012 398 2054 Peisaer:
432 2022 492 2044 cur
513 2012 578 2044 iam
599 2017 668 2044 tete
690 2022 720 2044 a.
743 2022 773 2044 e.
798 2011 978 2045 Housman
1139 2023 1175 2045 11
1200 2015 1257 2055 qui
1282 2019 1317 2046 tu
1342 2015 1406 2055 (tui
1433 2014 1506 2055 60,
1530 2014 1580 2054 tui

271 2055 322 2096 R)
349 2055 462 2087 animo
493 2056 638 2088 affinnas
672 2054 831 2096 (offirmas
864 2054 939 2096 Go)
971 2059 1071 2096 atque
1106 2056 1333 2097 instinctoque
1370 2057 1500 2099 (-teque
1530 2055 1578 2099 Ο)

271 2097 404 2130 reducis
429 2100 479 2130 n:
509 2098 590 2138 quin
623 2096 726 2129 Laur.
754 2107 808 2137 33.
840 2108 890 2135 12,
919 2103 985 2139 ap:
1020 2103 1121 2139 atque
1147 2099 1243 2131 istinc
1272 2104 1372 2140 teque
1400 2099 1580 2132 Heinsius:

270 2142 382 2181 itaque
395 2139 513 2183 (Sc-al.)
529 2141 629 2173 istinc
645 2145 746 2180 teque
761 2151 787 2172 r.
806 2139 945 2173 Lachm.
961 2150 970 2172 τ
993 2145 1117 2181 tuaque
1132 2141 1227 2174 istinc
1242 2146 1344 2183 teque
1360 2151 1386 2174 r.
1398 2141 1556 2173 thm
1569 2152 1577 2173 ε

269 2188 370 2224 teque
407 2183 503 2215 istinc
542 2187 613 2215 tute
651 2193 677 2215 r.
704 2181 832 2223 Heyse:
875 2188 976 2224 atque
1012 2184 1110 2216 istinc
1145 2189 1179 2216 te
1214 2185 1287 2225 ipse
1313 2195 1338 2216 r.
1368 2185 1488 2226 sm'pd,
1514 2182 1577 2217 Ον.

274 2226 367 2258 Tn'st.
388 2236 418 2258 v.
436 2236 466 2266 7.
485 2227 538 2267 65,
563 2225 640 2258 Met.
658 2226 703 2258 ix.
722 2226 788 2267 746
910 2236 950 2258 12
971 2226 1032 2258 dee
1055 2229 1103 2258 n:
1134 2227 1208 2259 deis
1228 2227 1250 2258 Ιι
1274 2226 1411 2259 Laetum.
1538 2234 1578 2267 13

268 2269 371 2300 Extat
398 2269 433 2300 in
459 2267 633 2309 Compend.
660 2267 783 2300 Moral.
806 2266 924 2301 Notab.
950 2267 1135 2301 Hieremiae
1156 2269 1278 2301 Iudicis
1298 2269 1337 2302 de
1359 2269 1580 2310 Houtagnoue

269 2311 308 2343 P.
322 2311 377 2343 iiii.
391 2320 422 2352 5.
439 2321 477 2342 n
566 2311 709 2353 amicum
724 2311 900 2352 (suprascr.
917 2312 1026 2354 orem)
1042 2311 1086 2353 R,
1104 2322 1171 2343 non
1186 2311 1254 2344 Vm
1391 2321 1431 2352 ¹4
1446 2312 1511 2344 hec
1523 2310 1576 2344 0:

268 2362 336 2386 om.
351 2353 385 2386 Β
441 2363 542 2395 quam
557 2353 651 2387 lubet
673 2356 700 2385 Ω
718 2378 723 2383 .
766 2353 895 2387 officina
910 2353 964 2386 01·
1093 2363 1132 2396 15
1154 2355 1217 2391 hec
1231 2359 1284 2387 est
1299 2354 1362 2387 hec
1379 2354 1443 2387 Go
