1592 2664
623 105 948 146 PRAEFATIO

120 222 261 250 uocare
280 222 374 249 cura
390 209 568 260 plerique
582 222 594 257 3
620 210 658 247 X
685 222 731 259 13
756 222 838 249 non
862 210 911 248 al.
939 220 1014 247 nec
1033 208 1208 246 facerent
1227 207 1279 254 R,
1302 218 1383 245 non
1403 205 1452 245 al.

120 287 194 314 nec
213 275 357 314 faceret
381 275 430 322 G,
452 287 527 319 nec
554 275 699 314 faceret
722 275 783 323 O;
810 274 970 314 XLVII
1001 286 1026 321 4
1052 270 1256 323 preposuit
1274 272 1317 310 R
1340 271 1454 318 solus,

119 332 323 392 proposuit
342 345 423 379 cett.
439 341 616 388 ,XLIX
647 350 666 389 7
693 340 896 379 omniums
923 346 1112 391 patronus
1136 336 1202 387 (ex
1227 335 1456 387 patronum)

120 408 171 454 R,
193 404 372 444 omnium
401 412 591 457 patronus
615 406 681 444 uel
704 412 915 457 patronum
935 409 1015 443 cett.
1032 418 1043 453 ;
1071 404 1168 442 LXI
1197 413 1271 453 159
1291 395 1457 442 homine

120 472 171 518 R,
192 469 326 510 omine
348 476 455 519 cett.;
483 471 619 515 LXVI
648 481 698 521 59
726 483 777 511 ne
804 471 933 522 solum
960 470 1002 509 in
1028 467 1206 508 mumine
1232 467 1307 507 celi
1333 468 1390 516 R,
1415 466 1456 506 in

122 535 285 574 nurnine
303 535 504 585 plerique3
534 538 586 586 63
608 536 660 575 ad
687 536 807 586 flama
834 548 956 586 marg.
979 535 1130 586 templa
1147 535 1200 581 R,
1230 534 1282 573 ad
1309 533 1458 584 templa

121 605 227 649 cett.;
260 601 442 655 LXXIII
477 614 503 649 4
535 602 746 652 obstetque
779 601 985 653 magisque
1017 599 1141 651 magis
1175 600 1227 647 R,
1262 597 1459 648 obestque

123 665 326 717 magisque
370 665 493 718 magis
536 667 625 715 GO,
669 674 826 718 stetque
862 666 1067 719 magisque
1105 664 1230 715 magis
1257 664 1435 715 plerique
1447 677 1459 712 ;

124 732 306 771 LXVIII
332 743 403 783 115
425 739 612 780 tereretur
630 734 683 781 R,
703 738 910 785 terreretur
933 733 979 781 0,
1002 738 1210 782 tffierretur
1234 730 1283 771 G.

178 798 228 845 In
247 796 478 844 uniuersum
497 811 591 838 uere
616 797 714 836 mihi
740 797 898 839 uidetur
916 798 968 838 de
986 799 1029 837 R
1055 796 1252 837 iudicasse
1271 794 1339 846 qui
1366 808 1457 834 eum

123 875 231 902 anno
263 864 364 913 1896
394 862 544 914 primus
572 862 614 902 in
642 864 772 903 lucem
802 862 975 915 protulit,
1008 861 1281 908 Americanus,
1312 860 1458 901 Guliel-

125 940 213 967 mus
230 928 411 969 Gardner
433 930 549 968 Hale-
608 929 758 970 Censet
777 927 884 968 enim
910 929 1004 967 huic
1029 926 1161 967 codici
1188 926 1274 966 siue
1299 932 1459 977 propter

123 1000 292 1033 aetatem
326 993 446 1046 (circa
489 993 606 1045 1400)
639 993 725 1035 siue
763 1001 924 1046 propter
960 993 1151 1033 lectiones
1189 1005 1292 1044 quae
1331 992 1372 1030 in
1410 1005 1459 1031 eo

125 1057 370 1110 reperiuntur
397 1059 582 1111 optimae,
614 1058 843 1111 primarium
871 1061 1005 1099 locum
1035 1071 1166 1110 neque
1195 1059 1234 1098 G
1262 1069 1394 1109 neque
1424 1058 1460 1097 O

125 1122 349 1164 inferiorem
368 1123 665 1168 attribuendum
685 1138 782 1165 esse.
842 1126 985 1176 Itaque
1004 1123 1046 1163 in
1066 1124 1213 1165 Catulli
1236 1122 1327 1162 crisi
1352 1134 1459 1174 prae·

126 1189 242 1240 cipue
268 1203 423 1247 semper
442 1191 777 1243 considerandum
803 1190 875 1231 erit
900 1190 999 1242 quid
1018 1190 1060 1230 hi
1079 1197 1157 1230 tres
1177 1189 1349 1241 (GOR),
1371 1202 1459 1228 nec-

127 1255 224 1294 dum
243 1256 419 1304 correcti,
442 1256 669 1307 praebeant.
727 1258 807 1297 Sed
830 1256 872 1296 in
891 1257 967 1296 hac
992 1256 1180 1304 editione,
1202 1268 1458 1307 quamquam,

127 1319 379 1372 permittente
394 1321 482 1373 ipso
496 1321 564 1373 qui
580 1321 763 1364 codicem
778 1325 820 1363 R
834 1322 983 1375 primus
998 1321 1166 1372 inuenit,
1180 1334 1263 1361 non
1278 1320 1460 1361 dubitaui

126 1399 229 1436 quae
257 1386 411 1438 potiora
439 1386 524 1427 uisa
553 1395 645 1426 sunt
674 1386 776 1427 inter
803 1395 1024 1428 ceterorum
1054 1387 1239 1428 codicum
1269 1385 1460 1426 lectiones

123 1452 309 1502 proferre,
348 1465 432 1493 non
469 1466 558 1492 sum
595 1466 714 1492 ausus
752 1453 888 1492 omnia
921 1454 1094 1504 uulgare,
1129 1466 1180 1492 ne
1214 1451 1367 1491 inuenti
1401 1449 1461 1489 sui

126 1516 290 1567 gloriam
308 1518 461 1558 auctori
481 1518 636 1559 uiderer
654 1518 875 1570 praeripere
889 1533 901 1568 5
927 1518 1040 1559 cuius
1060 1518 1211 1570 integra
1230 1515 1391 1557 collatio
1409 1516 1462 1555 ab

127 1579 215 1632 ipso
233 1582 396 1622 demum
416 1585 682 1635 exspectanda
701 1583 783 1624 erit.

182 1647 247 1686 Ad
279 1649 323 1686 R
358 1647 456 1688 mira
495 1648 744 1701 proximitate
776 1649 933 1690 accedit
975 1651 1134 1688 Venetus
1166 1647 1301 1688 Sancti
1335 1645 1462 1686 Marci

129 1712 234 1763 (cod.
256 1713 341 1752 Lat.
364 1712 428 1752 xii.
450 1714 531 1767 80),
552 1714 606 1754 ita
625 1722 759 1754 tamen
778 1722 822 1755 ut
847 1714 1052 1767 aliquanto
1072 1712 1268 1754 recentius
1296 1712 1463 1764 scriptus

130 1777 254 1819 fuerit.
312 1779 438 1823 Hunc
457 1779 652 1828 codicem,
673 1787 716 1819 ut
731 1781 1047 1820 Germanensem
1063 1778 1337 1821 Chatelainius
1356 1790 1464 1817 anno

134 1845 244 1894 1890,
265 1845 505 1897 heliotypica
530 1853 612 1889 arte
632 1858 860 1898 expressum
882 1845 1008 1887 edidit
1029 1844 1318 1887 Constantinus
1341 1842 1464 1894 Nigra

129 1921 237 1948 anno
260 1912 372 1961 1893.
975 1928 978 1929 ⁷
1001 1945 1005 1948 ⁴
1194 1912 1198 1915 “

185 1975 280 2014 Post
307 1968 438 2024 GOR,
463 1983 591 2016 aetate
617 1977 686 2028 qui
713 1977 914 2029 proximus
942 1975 1344 2028 est‚⁷B(ononiensis)‚
1371 1988 1463 2014 cum

132 2038 266 2080 finitus
285 2040 334 2081 sit
352 2054 459 2083 anno
479 2044 658 2083 secundo
679 2043 871 2084 Iohannis
893 2044 1126 2091 >tx111‚·h.e.
1151 2055 1221 2090 141
1233 2055 1331 2081 1-12
1353 2054 1390 2080 A.
1406 2053 1459 2088 D.,

120 2104 271 2152 2ceteris
285 2114 420 2158 posset
438 2107 575 2148 haberi
597 2109 880 2160 praestabilior,
904 2108 980 2148 nisi
1006 2115 1065 2148 tot
1089 2115 1300 2159 tantasque
1325 2120 1463 2158 passus

127 2178 235 2219 ,esset
267 2172 530 2219 correctiones
558 2182 602 2216 ut
635 2188 717 2215 non
745 2188 832 2215 raro
860 2174 928 2215 uix
959 2173 1203 2215 dinoscatur
1218 2173 1316 2224 quid
1348 2179 1464 2212 uetus

133 2236 261 2278 scriba
279 2239 452 2288 exararit,
474 2239 572 2292 quid
590 2241 825 2281 emendator
844 2241 1028 2281 intulerit.
1079 2242 1171 2291 Qua
1191 2239 1232 2279 in
1247 2252 1289 2279 re
1308 2239 1465 2279 fortuna

133 2309 266 2343 tamen
303 2318 377 2344 nos
413 2307 546 2358 aliqua
581 2320 631 2347 ex
666 2313 776 2359 parte
812 2306 991 2347 adiuuit:
1038 2306 1123 2353 duo
1159 2306 1267 2345 enim
1304 2305 1464 2344 codices

132 2368 426 2412 ,Laurentianus
452 2372 487 2410 I
510 2369 631 2422 (Plut.
662 2371 789 2412 xxxiii.
824 2372 890 2423 13)
918 2379 958 2412 et
986 2372 1205 2412 Vaticanus
1238 2373 1352 2422 1630,
1383 2378 1464 2410 tam

777 2451 816 2477 ix
