1592 2664
194 130 434 170 CATVLLI

669 284 826 323 XLVII

300 366 429 403 Poncr
459 370 498 403 et
526 362 743 411 Socration,
770 364 873 403 duae
900 362 1077 404 sinistrae

300 427 462 475 Pisonis,
493 427 644 467 scabies
672 428 873 478 famesque
901 428 1051 476 mundi,

297 504 369 530 uos
397 489 608 530 Veraniolo
637 503 726 530 meo
754 497 793 530 et
822 491 988 531 Fabullo

297 568 439 606 uerpus
466 554 690 606 praeposuit
718 554 880 605 Priapus
907 555 1003 595 ille?

296 632 366 658 uos
395 618 579 658 conuiuia
605 619 711 658 lauta
737 626 966 670 sumptuose
1479 636 1500 672 5

296 684 346 722 de
374 683 439 722 die
467 681 621 722 facitis?
657 681 734 722 mei
762 683 917 722 sodales

296 754 487 797 quaerunt
515 745 555 785 in
583 745 699 785 triuio
728 746 984 787 uocationes?

667 855 850 894 XLVIII

295 936 512 974 MELm-os
539 935 676 974 oculos
703 941 806 983 tuos,
836 934 1004 984 quenti,

294 998 415 1049 siquis
443 1011 507 1037 me
535 998 637 1038 sinat
664 1011 790 1049 usque
817 999 978 1046 basiare,

292 1074 417 1112 usque
443 1063 495 1102 ad
524 1061 630 1100 milia
657 1061 806 1101 basiem
834 1069 1017 1110 trecenta,

293 1138 366 1165 nec
396 1126 453 1164 mi
475 1138 664 1176 umquam
692 1125 827 1165 uidear
855 1133 960 1165 satur
987 1127 1149 1174 futurus,

292 1202 372 1228 non
402 1188 434 1228 si
463 1188 621 1228 densior
648 1188 765 1228 aridis
793 1189 919 1229 aristis
1477 1205 1498 1240 ⁵

291 1253 340 1292 sit
368 1259 524 1293 nostrae
552 1264 662 1304 seges
689 1252 955 1294 osculationis.

687 1361 824 1400 XLIX

291 1443 589 1481 D1sER‘r1SS1ME
618 1440 780 1480 Romuli
808 1446 1010 1491 nepotum,

289 1512 386 1556 quot
413 1512 504 1544 sunt
531 1511 707 1555 quotque
734 1505 852 1552 fuere,
884 1506 1020 1544 Marce
1046 1504 1164 1556 Tulli,

289 1575 464 1620 quotque
491 1574 581 1619 post
607 1567 692 1607 aliis
719 1574 833 1607 erunt
860 1567 901 1607 in
928 1567 1053 1614 annis.

287 1632 427 1683 gratias
455 1631 527 1671 tibi
554 1630 742 1671 maximas
770 1632 948 1673 Catullus

225 1734 352 1767 XLVII
369 1744 445 1766 cum
459 1733 580 1785 XLVI
587 1735 780 1784 cogntxhuant
792 1733 907 1767 coda-es
980 1744 1011 1785 ‘a
1034 1733 1199 1784 mondiB3
1211 1733 1490 1777 Carpentoraden-

180 1777 329 1862 553353
339 1777 571 1862 33353
587 1776 1286 1863 33,555555335““’35335535
1299 1777 1490 1863 333553

179 1863 234 1894 R:
258 1863 430 1902 proposuit
445 1866 509 1894 cett.
527 1863 626 1894 etiam
646 1862 711 1894 Vm

222 1904 367 1937 XLVIII
391 1915 468 1937 cum
490 1904 629 1937 XLVII
647 1905 841 1938 continuant
860 1904 977 1938 cvdt'oes
1139 1914 1154 1936 1
1179 1905 1307 1937 inuenti
1332 1916 1408 1939 mn.
1433 1906 1491 1939 R2

180 1949 307 1979 uiuenti
316 1948 410 1979 Bha:
433 1948 563 1980 inuenti
580 1948 630 1989 (in
645 1949 737 1980 uenti
749 1948 795 1990 G)
807 1951 834 1980 Ω
927 1957 949 1988 3
971 1946 1065 1988 basia
1083 1947 1259 1989 (suprascr.
1269 1948 1322 1989 e3)
1333 1948 1369 1980 R
1466 1961 1487 1990 ⁴

179 2001 241 2022 nec
268 1991 313 2022 mi
340 2000 496 2031 umquam
522 1990 671 2023 Statius:
703 2001 766 2023 nec
795 1999 974 2032 numquam
1002 1993 1052 2022 n:
1081 2000 1145 2022 nec
1174 2000 1328 2031 umquam
1351 1991 1489 2034 ADahp

180 2034 297 2065 uidear
311 2033 407 2074 Bapt.
424 2032 613 2065 Guarinus:
637 2034 716 2066 iude
731 2043 791 2066 cor
805 2036 833 2065 Ω
931 2034 955 2064 6
976 2033 1044 2065 sint
1061 2032 1110 2066 O:
1133 2033 1200 2074 siut
1211 2033 1246 2064 R
1315 2033 1358 2066 In
1376 2033 1406 2066 G
1415 2039 1491 2076 post

179 2076 222 2107 sit
247 2076 338 2107 solito
361 2076 492 2117 longius
513 2079 560 2107 est
577 2077 736 2117 spanum.
779 2079 787 2094 ‘
801 2075 849 2108 Le
869 2079 883 2107 t
897 2075 951 2118 (de
970 2076 1028 2118 sit)
1044 2078 1092 2108 est
1109 2085 1170 2108 sur
1191 2086 1238 2108 un
1255 2079 1408 2118 graetage
1432 2078 1492 2118 φοί

178 2118 299 2149 s’e'tend
312 2128 357 2149 un
447 2117 558 2159 apres’
572 2118 706 2151 Benon'st

220 2159 335 2199 XLIX
381 2161 515 2202 palium
546 2162 646 2194 unius
672 2170 788 2192 uersus
817 2161 852 2192 in
881 2164 909 2192 Ω
937 2159 996 2193 sed
1019 2160 1145 2193 diuersa
1173 2161 1408 2203 inumripmm
1437 2171 1486 2194 At>

177 2212 374 2235 cremonen
400 2202 429 2234 G
440 2214 448 2235 ε
480 2213 529 2236 Am
555 2213 592 2237 u.
614 2213 645 2236 τ.
669 2212 866 2236 cretaeus!
889 2203 942 2235 B:
978 2213 1027 2236 Αυ
1053 2213 1090 2236 u.
1113 2213 1264 2236 ‘tvm-m
1288 2212 1484 2236 cremona

178 2245 268 2277 La¹:
297 2255 343 2276 m
370 2255 538 2278 noxvzvu
561 2244 666 2279 RVen
692 2245 840 2278 nondum
866 2247 1006 2278 mutati:
1036 2255 1083 2279 tm
1106 2255 1257 2278 τνιιινιι
1282 2245 1313 2278 C
1464 2257 1485 2277 2

176 2287 415 2362 qffiotofuerunt
430 2288 514 2322 AC:
537 2298 622 2320 num
644 2293 728 2329 quot
750 2288 971 2329 fueruntque?
1058 2298 1169 2321 mame
1186 2291 1359 2330 (asprum.
1377 2288 1415 2330 ο)
1433 2289 1463 2321 G
1476 2301 1484 2320 ε
