<?xml version="1.0" encoding="UTF-8"?>
<!DOCTYPE html PUBLIC "-//W3C//DTD XHTML 1.0 Transitional//EN"
    "http://www.w3.org/TR/xhtml1/DTD/xhtml1-transitional.dtd">
<html xmlns="http://www.w3.org/1999/xhtml" xml:lang="en" lang="en">
 <head>
  <title>
</title>
<meta http-equiv="Content-Type" content="text/html;charset=utf-8" />
  <meta name='ocr-system' content='tesseract 3.04.00' />
  <meta name='ocr-capabilities' content='ocr_page ocr_carea ocr_par ocr_line ocrx_word'/>
</head>
<body>
  <div class='ocr_page' id='page_1' title='image "./carminarecognovi00catuuoft_0115.png"; bbox 0 0 1682 2690; ppageno 0'>
   <div class='ocr_carea' id='block_1_1' title="bbox 1063 146 1519 187">
    <p class='ocr_par' dir='ltr' id='par_1_1' title="bbox 1063 146 1519 187">
     <span class='ocr_line' id='line_1_1' title="bbox 1063 146 1519 187; baseline -0.004 0"><span class='ocrx_word' id='word_1_1' title='bbox 1063 147 1306 187; x_wconf 89' lang='lat' dir='ltr'>CARMEN</span> <span class='ocrx_word' id='word_1_2' title='bbox 1337 146 1519 185; x_wconf 90' lang='lat' dir='ltr'>LXXIII</span> 
     </span>
    </p>
   </div>
   <div class='ocr_carea' id='block_1_2' title="bbox 745 258 928 298">
    <p class='ocr_par' dir='ltr' id='par_1_2' title="bbox 745 258 928 298">
     <span class='ocr_line' id='line_1_2' title="bbox 745 258 928 298; baseline -0.005 0"><span class='ocrx_word' id='word_1_3' title='bbox 745 258 928 298; x_wconf 92' lang='lat' dir='ltr'>LXXIII</span> 
     </span>
    </p>
   </div>
   <div class='ocr_carea' id='block_1_3' title="bbox 189 332 1354 582">
    <p class='ocr_par' dir='ltr' id='par_1_3' title="bbox 192 332 1354 453">
     <span class='ocr_line' id='line_1_3' title="bbox 192 332 1354 388; baseline -0.002 -14"><span class='ocrx_word' id='word_1_4' title='bbox 192 335 355 375; x_wconf 79' lang='lat' dir='ltr'>DEsmE</span> <span class='ocrx_word' id='word_1_5' title='bbox 383 336 435 377; x_wconf 92' lang='lat' dir='ltr'>de</span> <span class='ocrx_word' id='word_1_6' title='bbox 463 348 667 388; x_wconf 88' lang='lat' dir='ltr'>quoquam</span> <span class='ocrx_word' id='word_1_7' title='bbox 696 334 907 386; x_wconf 89' lang='lat' dir='ltr'>quisquam</span> <span class='ocrx_word' id='word_1_8' title='bbox 937 334 1042 375; x_wconf 91' lang='lat' dir='ltr'>bene</span> <span class='ocrx_word' id='word_1_9' title='bbox 1070 335 1174 375; x_wconf 91' lang='lat' dir='ltr'>uelle</span> <span class='ocrx_word' id='word_1_10' title='bbox 1203 332 1354 382; x_wconf 89' lang='lat' dir='ltr'>mereri,</span> 
     </span>
     <span class='ocr_line' id='line_1_4' title="bbox 242 400 1083 453; baseline 0 -13"><span class='ocrx_word' id='word_1_11' title='bbox 242 408 310 441; x_wconf 87' lang='lat' dir='ltr'>aut</span> <span class='ocrx_word' id='word_1_12' title='bbox 338 401 511 453; x_wconf 82' lang='lat' dir='ltr'><strong>aliquem</strong></span> <span class='ocrx_word' id='word_1_13' title='bbox 540 400 623 440; x_wconf 87' lang='lat' dir='ltr'>fieri</span> <span class='ocrx_word' id='word_1_14' title='bbox 650 413 767 453; x_wconf 88' lang='lat' dir='ltr'>posse</span> <span class='ocrx_word' id='word_1_15' title='bbox 795 408 934 452; x_wconf 89' lang='lat' dir='ltr'>putare</span> <span class='ocrx_word' id='word_1_16' title='bbox 961 400 1083 452; x_wconf 91' lang='lat' dir='ltr'>pium.</span> 
     </span>
    </p>

    <p class='ocr_par' dir='ltr' id='par_1_4' title="bbox 189 465 1280 582">
     <span class='ocr_line' id='line_1_5' title="bbox 189 465 1130 518; baseline 0 -13"><span class='ocrx_word' id='word_1_17' title='bbox 189 465 325 506; x_wconf 86' lang='lat' dir='ltr'>omnia</span> <span class='ocrx_word' id='word_1_18' title='bbox 352 473 444 506; x_wconf 90' lang='lat' dir='ltr'>sunt</span> <span class='ocrx_word' id='word_1_19' title='bbox 472 466 632 518; x_wconf 65' lang='lat' dir='ltr'>ingrata„</span> <span class='ocrx_word' id='word_1_20' title='bbox 663 465 762 505; x_wconf 83' lang='lat' dir='ltr'>nihil</span> <span class='ocrx_word' id='word_1_21' title='bbox 791 465 930 505; x_wconf 90' lang='lat' dir='ltr'>fecisse</span> <span class='ocrx_word' id='word_1_22' title='bbox 958 465 1130 517; x_wconf 90' lang='lat' dir='ltr'>benigne</span> 
     </span>
     <span class='ocr_line' id='line_1_6' title="bbox 243 530 1280 582; baseline -0.001 -12"><span class='ocrx_word' id='word_1_23' title='bbox 243 532 414 582; x_wconf 85' lang='lat' dir='ltr'>prodest,</span> <span class='ocrx_word' id='word_1_24' title='bbox 446 530 570 570; x_wconf 89' lang='lat' dir='ltr'>immo</span> <span class='ocrx_word' id='word_1_25' title='bbox 599 530 717 570; x_wconf 82' lang='lat' dir='ltr'>etiam</span> <span class='ocrx_word' id='word_1_26' title='bbox 746 531 879 570; x_wconf 89' lang='lat' dir='ltr'>taedet</span> <span class='ocrx_word' id='word_1_27' title='bbox 908 531 1102 580; x_wconf 90' lang='lat' dir='ltr'>obestque</span> <span class='ocrx_word' id='word_1_28' title='bbox 1131 530 1254 581; x_wconf 87' lang='lat' dir='ltr'>magis</span> <span class='ocrx_word' id='word_1_29' title='bbox 1268 545 1280 579; x_wconf 87' lang='lat'>;</span> 
     </span>
    </p>
   </div>
   <div class='ocr_carea' id='block_1_4' title="bbox 190 595 1521 804">
    <p class='ocr_par' dir='ltr' id='par_1_5' title="bbox 190 595 1521 804">
     <span class='ocr_line' id='line_1_7' title="bbox 190 595 1521 647; baseline 0 -13"><span class='ocrx_word' id='word_1_30' title='bbox 190 602 233 634; x_wconf 91' lang='lat' dir='ltr'>ut</span> <span class='ocrx_word' id='word_1_31' title='bbox 262 595 372 645; x_wconf 88' lang='lat' dir='ltr'>mihi,</span> <span class='ocrx_word' id='word_1_32' title='bbox 401 608 521 646; x_wconf 91' lang='lat' dir='ltr'>quem</span> <span class='ocrx_word' id='word_1_33' title='bbox 550 609 670 635; x_wconf 88' lang='lat' dir='ltr'>nemo</span> <span class='ocrx_word' id='word_1_34' title='bbox 698 595 854 646; x_wconf 88' lang='lat' dir='ltr'>grauius</span> <span class='ocrx_word' id='word_1_35' title='bbox 884 608 959 635; x_wconf 90' lang='lat' dir='ltr'>nec</span> <span class='ocrx_word' id='word_1_36' title='bbox 987 595 1167 635; x_wconf 88' lang='lat' dir='ltr'>acerbius</span> <span class='ocrx_word' id='word_1_37' title='bbox 1195 603 1317 647; x_wconf 89' lang='lat' dir='ltr'>urget,</span> <span class='ocrx_word' id='word_1_38' title='bbox 1502 611 1521 643; x_wconf 88' lang='lat'>5</span> 
     </span>
     <span class='ocr_line' id='line_1_8' title="bbox 245 660 1518 712; baseline -0.001 -12"><span class='ocrx_word' id='word_1_39' title='bbox 245 674 364 712; x_wconf 85' lang='lat' dir='ltr'>quam</span> <span class='ocrx_word' id='word_1_40' title='bbox 391 662 514 701; x_wconf 87' lang='lat' dir='ltr'>modo</span> <span class='ocrx_word' id='word_1_41' title='bbox 533 661 602 712; x_wconf 93' lang='lat' dir='ltr'>qui</span> <span class='ocrx_word' id='word_1_42' title='bbox 626 674 690 700; x_wconf 89' lang='lat' dir='ltr'>me</span> <span class='ocrx_word' id='word_1_43' title='bbox 710 674 835 700; x_wconf 91' lang='lat' dir='ltr'>unum</span> <span class='ocrx_word' id='word_1_44' title='bbox 855 668 975 712; x_wconf 91' lang='lat' dir='ltr'>atque</span> <span class='ocrx_word' id='word_1_45' title='bbox 994 660 1157 700; x_wconf 86' lang='lat' dir='ltr'>unicum</span> <span class='ocrx_word' id='word_1_46' title='bbox 1177 660 1349 700; x_wconf 84' lang='lat' dir='ltr'>amicum</span> <span class='ocrx_word' id='word_1_47' title='bbox 1370 660 1518 701; x_wconf 85' lang='lat' dir='ltr'>habuit.</span> 
     </span>
     <span class='ocr_line' id='line_1_9' title="bbox 745 766 921 804; baseline -0.006 0"><span class='ocrx_word' id='word_1_48' title='bbox 745 766 921 804; x_wconf 92' lang='lat' dir='ltr'>LXXIV</span> 
     </span>
    </p>
   </div>
   <div class='ocr_carea' id='block_1_5' title="bbox 188 840 1518 1218">
    <p class='ocr_par' dir='ltr' id='par_1_6' title="bbox 190 840 1191 957">
     <span class='ocr_line' id='line_1_10' title="bbox 190 840 1191 893; baseline -0.001 -12"><span class='ocrx_word' id='word_1_49' title='bbox 190 842 373 881; x_wconf 81' lang='lat' dir='ltr'>GELles</span> <span class='ocrx_word' id='word_1_50' title='bbox 402 842 578 881; x_wconf 87' lang='lat' dir='ltr'>audierat</span> <span class='ocrx_word' id='word_1_51' title='bbox 606 848 790 893; x_wconf 84' lang='lat' dir='ltr'>patruum</span> <span class='ocrx_word' id='word_1_52' title='bbox 819 840 1026 892; x_wconf 86' lang='lat' dir='ltr'>obiurgare</span> <span class='ocrx_word' id='word_1_53' title='bbox 1054 842 1191 889; x_wconf 89' lang='lat' dir='ltr'>solere,</span> 
     </span>
     <span class='ocr_line' id='line_1_11' title="bbox 243 906 1011 957; baseline -0.003 -11"><span class='ocrx_word' id='word_1_54' title='bbox 243 906 365 957; x_wconf 90' lang='lat' dir='ltr'>siquis</span> <span class='ocrx_word' id='word_1_55' title='bbox 394 906 555 946; x_wconf 86' lang='lat' dir='ltr'>delicias</span> <span class='ocrx_word' id='word_1_56' title='bbox 583 906 733 946; x_wconf 89' lang='lat' dir='ltr'>diceret</span> <span class='ocrx_word' id='word_1_57' title='bbox 760 913 828 945; x_wconf 90' lang='lat' dir='ltr'>aut</span> <span class='ocrx_word' id='word_1_58' title='bbox 856 907 1011 945; x_wconf 89' lang='lat' dir='ltr'>faceret.</span> 
     </span>
    </p>

    <p class='ocr_par' dir='ltr' id='par_1_7' title="bbox 188 970 1254 1087">
     <span class='ocr_line' id='line_1_12' title="bbox 188 970 1254 1023; baseline -0.001 -12"><span class='ocrx_word' id='word_1_59' title='bbox 188 972 267 1011; x_wconf 90' lang='lat' dir='ltr'>hoc</span> <span class='ocrx_word' id='word_1_60' title='bbox 295 985 346 1011; x_wconf 91' lang='lat' dir='ltr'>ne</span> <span class='ocrx_word' id='word_1_61' title='bbox 374 970 449 1023; x_wconf 89' lang='lat' dir='ltr'>ipsi</span> <span class='ocrx_word' id='word_1_62' title='bbox 476 971 684 1019; x_wconf 87' lang='lat' dir='ltr'>accideret,</span> <span class='ocrx_word' id='word_1_63' title='bbox 715 970 843 1022; x_wconf 89' lang='lat' dir='ltr'>patrui</span> <span class='ocrx_word' id='word_1_64' title='bbox 871 970 1100 1021; x_wconf 85' lang='lat' dir='ltr'>perdepsuit</span> <span class='ocrx_word' id='word_1_65' title='bbox 1128 970 1254 1021; x_wconf 86' lang='lat' dir='ltr'>ipsam</span> 
     </span>
     <span class='ocr_line' id='line_1_13' title="bbox 242 1033 1216 1087; baseline -0.001 -11"><span class='ocrx_word' id='word_1_66' title='bbox 242 1050 404 1076; x_wconf 87' lang='lat' dir='ltr'>uxorem</span> <span class='ocrx_word' id='word_1_67' title='bbox 433 1043 473 1076; x_wconf 90' lang='lat' dir='ltr'>et</span> <span class='ocrx_word' id='word_1_68' title='bbox 500 1043 683 1087; x_wconf 87' lang='lat' dir='ltr'>patruum</span> <span class='ocrx_word' id='word_1_69' title='bbox 712 1033 886 1076; x_wconf 86' lang='lat' dir='ltr'>reddidit</span> <span class='ocrx_word' id='word_1_70' title='bbox 915 1037 1216 1087; x_wconf 85' lang='lat' dir='ltr'>Harpocratem.</span> 
     </span>
    </p>

    <p class='ocr_par' dir='ltr' id='par_1_8' title="bbox 188 1100 1518 1218">
     <span class='ocr_line' id='line_1_14' title="bbox 188 1100 1518 1153; baseline 0 -12"><span class='ocrx_word' id='word_1_71' title='bbox 188 1103 298 1153; x_wconf 89' lang='lat' dir='ltr'>quod</span> <span class='ocrx_word' id='word_1_72' title='bbox 327 1101 453 1141; x_wconf 90' lang='lat' dir='ltr'>uoluit</span> <span class='ocrx_word' id='word_1_73' title='bbox 481 1101 597 1141; x_wconf 87' lang='lat' dir='ltr'>fecit:</span> <span class='ocrx_word' id='word_1_74' title='bbox 636 1114 742 1150; x_wconf 87' lang='lat' dir='ltr'>nam,</span> <span class='ocrx_word' id='word_1_75' title='bbox 772 1100 955 1152; x_wconf 87' lang='lat' dir='ltr'>quamuis</span> <span class='ocrx_word' id='word_1_76' title='bbox 983 1100 1144 1141; x_wconf 90' lang='lat' dir='ltr'>irrumet</span> <span class='ocrx_word' id='word_1_77' title='bbox 1172 1101 1303 1153; x_wconf 90' lang='lat' dir='ltr'>ipsum</span> <span class='ocrx_word' id='word_1_78' title='bbox 1500 1118 1518 1152; x_wconf 87' lang='lat'><strong>5</strong></span> 
     </span>
     <span class='ocr_line' id='line_1_15' title="bbox 242 1165 1229 1218; baseline 0 -12"><span class='ocrx_word' id='word_1_79' title='bbox 242 1179 350 1207; x_wconf 87' lang='lat' dir='ltr'>nunc</span> <span class='ocrx_word' id='word_1_80' title='bbox 377 1173 571 1218; x_wconf 86' lang='lat' dir='ltr'>patruum,</span> <span class='ocrx_word' id='word_1_81' title='bbox 603 1167 771 1206; x_wconf 89' lang='lat' dir='ltr'>uerbum</span> <span class='ocrx_word' id='word_1_82' title='bbox 801 1178 882 1205; x_wconf 89' lang='lat' dir='ltr'>non</span> <span class='ocrx_word' id='word_1_83' title='bbox 911 1165 1028 1206; x_wconf 84' lang='lat' dir='ltr'>faciet</span> <span class='ocrx_word' id='word_1_84' title='bbox 1055 1174 1229 1218; x_wconf 88' lang='lat' dir='ltr'>patruus.</span> 
     </span>
    </p>
   </div>
   <div class='ocr_carea' id='block_1_6' title="bbox 752 1276 905 1314">
    <p class='ocr_par' dir='ltr' id='par_1_9' title="bbox 752 1276 905 1314">
     <span class='ocr_line' id='line_1_16' title="bbox 752 1276 905 1314; baseline 0 0"><span class='ocrx_word' id='word_1_85' title='bbox 752 1276 905 1314; x_wconf 95' lang='lat' dir='ltr'>LXXV</span> 
     </span>
    </p>
   </div>
   <div class='ocr_carea' id='block_1_7' title="bbox 190 1357 1288 1475">
    <p class='ocr_par' dir='ltr' id='par_1_10' title="bbox 190 1357 1288 1475">
     <span class='ocr_line' id='line_1_17' title="bbox 190 1357 1288 1410; baseline 0.001 -14"><span class='ocrx_word' id='word_1_86' title='bbox 190 1358 288 1397; x_wconf 90' lang='lat' dir='ltr'>ch</span> <span class='ocrx_word' id='word_1_87' title='bbox 315 1363 374 1397; x_wconf 90' lang='lat' dir='ltr'>est</span> <span class='ocrx_word' id='word_1_88' title='bbox 404 1370 516 1397; x_wconf 89' lang='lat' dir='ltr'>mens</span> <span class='ocrx_word' id='word_1_89' title='bbox 544 1358 718 1398; x_wconf 87' lang='lat' dir='ltr'>deducta</span> <span class='ocrx_word' id='word_1_90' title='bbox 746 1364 824 1405; x_wconf 82' lang='lat' dir='ltr'>tua,</span> <span class='ocrx_word' id='word_1_91' title='bbox 856 1370 946 1397; x_wconf 87' lang='lat' dir='ltr'>mea</span> <span class='ocrx_word' id='word_1_92' title='bbox 975 1357 1130 1406; x_wconf 87' lang='lat' dir='ltr'>Lesbia,</span> <span class='ocrx_word' id='word_1_93' title='bbox 1161 1359 1288 1410; x_wconf 85' lang='lat' dir='ltr'>culpa,</span> 
     </span>
     <span class='ocr_line' id='line_1_18' title="bbox 240 1422 1094 1475; baseline 0.001 -13"><span class='ocrx_word' id='word_1_94' title='bbox 240 1430 360 1474; x_wconf 89' lang='lat' dir='ltr'>atque</span> <span class='ocrx_word' id='word_1_95' title='bbox 389 1423 444 1462; x_wconf 85' lang='lat' dir='ltr'>ita</span> <span class='ocrx_word' id='word_1_96' title='bbox 471 1437 514 1463; x_wconf 92' lang='lat' dir='ltr'>se</span> <span class='ocrx_word' id='word_1_97' title='bbox 541 1422 672 1463; x_wconf 86' lang='lat' dir='ltr'>officio</span> <span class='ocrx_word' id='word_1_98' title='bbox 699 1422 871 1475; x_wconf 89' lang='lat' dir='ltr'>perdidit</span> <span class='ocrx_word' id='word_1_99' title='bbox 896 1422 981 1474; x_wconf 91' lang='lat' dir='ltr'>ipsa</span> <span class='ocrx_word' id='word_1_100' title='bbox 1009 1436 1094 1471; x_wconf 89' lang='lat' dir='ltr'>suo,</span> 
     </span>
    </p>
   </div>
   <div class='ocr_carea' id='block_1_8' title="bbox 234 1525 1519 1569">
    <p class='ocr_par' dir='ltr' id='par_1_11' title="bbox 234 1525 1519 1569">
     <span class='ocr_line' id='line_1_19' title="bbox 234 1525 1519 1569; baseline 0.002 -10"><span class='ocrx_word' id='word_1_101' title='bbox 234 1526 384 1559; x_wconf 87' lang='lat' dir='ltr'>LXXIII</span> <span class='ocrx_word' id='word_1_102' title='bbox 409 1537 484 1559; x_wconf 81' lang='lat' dir='ltr'>cum</span> <span class='ocrx_word' id='word_1_103' title='bbox 499 1525 642 1558; x_wconf 90' lang='lat' dir='ltr'>LXXII</span> <span class='ocrx_word' id='word_1_104' title='bbox 657 1527 850 1558; x_wconf 77' lang='lat' dir='ltr'>continuant</span> <span class='ocrx_word' id='word_1_105' title='bbox 864 1529 905 1566; x_wconf 87' lang='grc' dir='ltr'>Ω,</span> <span class='ocrx_word' id='word_1_106' title='bbox 922 1525 1013 1558; x_wconf 84' lang='lat' dir='ltr'><em>nullo</em></span> <span class='ocrx_word' id='word_1_107' title='bbox 1028 1526 1132 1567; x_wconf 82' lang='lat' dir='ltr'>spatio</span> <span class='ocrx_word' id='word_1_108' title='bbox 1148 1527 1251 1559; x_wconf 80' lang='lat' dir='ltr'>reh&#39;cto</span> <span class='ocrx_word' id='word_1_109' title='bbox 1390 1539 1405 1560; x_wconf 92' lang='lat'>1</span> <span class='ocrx_word' id='word_1_110' title='bbox 1430 1530 1519 1569; x_wconf 86' lang='lat' dir='ltr'>quis-</span> 
     </span>
    </p>
   </div>
   <div class='ocr_carea' id='block_1_9' title="bbox 186 1569 1522 1701">
    <p class='ocr_par' dir='ltr' id='par_1_12' title="bbox 186 1569 1522 1699">
     <span class='ocr_line' id='line_1_20' title="bbox 187 1569 1522 1612; baseline 0.001 -9"><span class='ocrx_word' id='word_1_111' title='bbox 187 1581 288 1612; x_wconf 79' lang='lat' dir='ltr'>quam</span> <span class='ocrx_word' id='word_1_112' title='bbox 306 1574 333 1603; x_wconf 88' lang='grc' dir='ltr'><strong>Ω</strong></span> <span class='ocrx_word' id='word_1_113' title='bbox 348 1582 356 1603; x_wconf 87' lang='lat'><strong>:</strong></span> <span class='ocrx_word' id='word_1_114' title='bbox 379 1571 558 1611; x_wconf 86' lang='lat' dir='ltr'>quicquam</span> <span class='ocrx_word' id='word_1_115' title='bbox 580 1570 637 1602; x_wconf 91' lang='lat' dir='ltr'>Da</span> <span class='ocrx_word' id='word_1_116' title='bbox 771 1579 791 1609; x_wconf 87' lang='grc'>3</span> <span class='ocrx_word' id='word_1_117' title='bbox 816 1569 898 1601; x_wconf 84' lang='lat' dir='ltr'><em>Post</em></span> <span class='ocrx_word' id='word_1_118' title='bbox 911 1569 1058 1609; x_wconf 87' lang='lat' dir='ltr'>benigne</span> <span class='ocrx_word' id='word_1_119' title='bbox 1075 1570 1227 1602; x_wconf 81' lang='lat' dir='ltr'>additum</span> <span class='ocrx_word' id='word_1_120' title='bbox 1244 1571 1361 1611; x_wconf 65' lang='lat' dir='ltr'>ficerat</span> <span class='ocrx_word' id='word_1_121' title='bbox 1377 1577 1431 1604; x_wconf 87' lang='lat' dir='ltr'>est</span> <span class='ocrx_word' id='word_1_122' title='bbox 1446 1577 1522 1605; x_wconf 82' lang='lat' dir='ltr'>ante</span> 
     </span>
     <span class='ocr_line' id='line_1_21' title="bbox 186 1613 1520 1658; baseline 0.001 -12"><span class='ocrx_word' id='word_1_123' title='bbox 186 1613 324 1647; x_wconf 73' lang='lat' dir='ltr'>Lachm.</span> <span class='ocrx_word' id='word_1_124' title='bbox 337 1615 398 1656; x_wconf 79' lang='lat' dir='ltr'>qui</span> <span class='ocrx_word' id='word_1_125' title='bbox 406 1614 454 1646; x_wconf 86' lang='lat' dir='ltr'>ad</span> <span class='ocrx_word' id='word_1_126' title='bbox 467 1614 590 1645; x_wconf 82' lang='lat' dir='ltr'>Lucret.</span> <span class='ocrx_word' id='word_1_127' title='bbox 604 1625 633 1646; x_wconf 89' lang='lat' dir='ltr'>v.</span> <span class='ocrx_word' id='word_1_128' title='bbox 655 1623 718 1654; x_wconf 86' lang='lat'>533</span> <span class='ocrx_word' id='word_1_129' title='bbox 735 1613 842 1644; x_wconf 70' lang='lat' dir='ltr'>docuaet</span> <span class='ocrx_word' id='word_1_130' title='bbox 856 1618 907 1645; x_wconf 89' lang='lat' dir='ltr'>est</span> <span class='ocrx_word' id='word_1_131' title='bbox 918 1618 981 1654; x_wconf 84' lang='lat' dir='ltr'>pro</span> <span class='ocrx_word' id='word_1_132' title='bbox 991 1613 1070 1645; x_wconf 88' lang='lat' dir='ltr'>licet</span> <span class='ocrx_word' id='word_1_133' title='bbox 1086 1617 1285 1655; x_wconf 79' lang='lat' dir='ltr'>usurpatum</span> <span class='ocrx_word' id='word_1_134' title='bbox 1302 1626 1397 1648; x_wconf 79' lang='lat' dir='ltr'>uerae</span> <span class='ocrx_word' id='word_1_135' title='bbox 1410 1620 1439 1647; x_wconf 81' lang='lat' dir='ltr'>et</span> <span class='ocrx_word' id='word_1_136' title='bbox 1449 1627 1520 1658; x_wconf 83' lang='lat' dir='ltr'><em>ger-</em></span> 
     </span>
     <span class='ocr_line' id='line_1_22' title="bbox 187 1656 1517 1701; baseline 0.001 -11"><span class='ocrx_word' id='word_1_137' title='bbox 187 1668 310 1690; x_wconf 80' lang='lat' dir='ltr'>manae</span> <span class='ocrx_word' id='word_1_138' title='bbox 324 1658 496 1690; x_wconf 81' lang='lat' dir='ltr'>latimtatis</span> <span class='ocrx_word' id='word_1_139' title='bbox 510 1667 578 1688; x_wconf 84' lang='lat' dir='ltr'>non</span> <span class='ocrx_word' id='word_1_140' title='bbox 594 1667 659 1688; x_wconf 85' lang='lat' dir='ltr'>esse</span> <span class='ocrx_word' id='word_1_141' title='bbox 771 1668 791 1696; x_wconf 86' lang='lat'>4</span> <span class='ocrx_word' id='word_1_142' title='bbox 815 1656 919 1687; x_wconf 87' lang='lat' dir='ltr'>immo</span> <span class='ocrx_word' id='word_1_143' title='bbox 936 1657 1037 1688; x_wconf 87' lang='lat' dir='ltr'>etiam</span> <span class='ocrx_word' id='word_1_144' title='bbox 1053 1657 1148 1688; x_wconf 82' lang='lat' dir='ltr'>tedet</span> <span class='ocrx_word' id='word_1_145' title='bbox 1164 1658 1329 1698; x_wconf 87' lang='lat' dir='ltr'>obestque</span> <span class='ocrx_word' id='word_1_146' title='bbox 1346 1660 1406 1699; x_wconf 68' lang='lat' dir='ltr'>(suc</span> <span class='ocrx_word' id='word_1_147' title='bbox 1422 1658 1517 1701; x_wconf 82' lang='lat' dir='ltr'><strong><em>GOh‚</em></strong></span> 
     </span>
    </p>
   </div>
   <div class='ocr_carea' id='block_1_10' title="bbox 181 1699 1520 2395">
    <p class='ocr_par' dir='ltr' id='par_1_13' title="bbox 184 1699 1520 1951">
     <span class='ocr_line' id='line_1_23' title="bbox 187 1699 1518 1743; baseline 0.002 -10"><span class='ocrx_word' id='word_1_148' title='bbox 187 1701 369 1743; x_wconf 86' lang='lat' dir='ltr'>obstetque</span> <span class='ocrx_word' id='word_1_149' title='bbox 392 1701 436 1741; x_wconf 87' lang='lat' dir='ltr'>R,</span> <span class='ocrx_word' id='word_1_150' title='bbox 464 1705 599 1741; x_wconf 90' lang='lat' dir='ltr'>stetque</span> <span class='ocrx_word' id='word_1_151' title='bbox 623 1699 702 1739; x_wconf 73' lang='lat' dir='ltr'>cett.)</span> <span class='ocrx_word' id='word_1_152' title='bbox 722 1701 898 1739; x_wconf 87' lang='lat' dir='ltr'>magisque</span> <span class='ocrx_word' id='word_1_153' title='bbox 921 1700 1030 1739; x_wconf 87' lang='lat' dir='ltr'>magis</span> <span class='ocrx_word' id='word_1_154' title='bbox 1045 1699 1135 1732; x_wconf 88' lang='lat' dir='ltr'>codd.</span> <span class='ocrx_word' id='word_1_155' title='bbox 1185 1702 1326 1741; x_wconf 84' lang='lat' dir='ltr'>prodest</span> <span class='ocrx_word' id='word_1_156' title='bbox 1342 1702 1387 1735; x_wconf 86' lang='lat' dir='ltr'>ed.</span> <span class='ocrx_word' id='word_1_157' title='bbox 1411 1684 1518 1736; x_wconf 82' lang='lat' dir='ltr'>Trmc.</span> 
     </span>
     <span class='ocr_line' id='line_1_24' title="bbox 188 1724 1516 1786; baseline 0.001 -9"><span class='ocrx_word' id='word_1_158' title='bbox 188 1745 284 1777; x_wconf 79' lang='lat' dir='ltr'>Guiet</span> <span class='ocrx_word' id='word_1_159' title='bbox 304 1724 501 1783; x_wconf 63' lang='lat' dir='ltr'>Bueche&#39;ler;</span> <span class='ocrx_word' id='word_1_160' title='bbox 535 1744 570 1785; x_wconf 72' lang='lat' dir='ltr'>‘s-</span> <span class='ocrx_word' id='word_1_161' title='bbox 596 1755 679 1785; x_wconf 82' lang='lat' dir='ltr'>quae</span> <span class='ocrx_word' id='word_1_162' title='bbox 701 1743 740 1775; x_wconf 83' lang='lat' dir='ltr'>de</span> <span class='ocrx_word' id='word_1_163' title='bbox 757 1744 874 1785; x_wconf 80' lang='lat' dir='ltr'><em>figura</em></span> <span class='ocrx_word' id='word_1_164' title='bbox 900 1744 1106 1784; x_wconf 74' lang='lat' dir='ltr'>etymologica</span> <span class='ocrx_word' id='word_1_165' title='bbox 1128 1745 1255 1786; x_wconf 77' lang='lat' dir='ltr'>scripsit</span> <span class='ocrx_word' id='word_1_166' title='bbox 1278 1744 1365 1777; x_wconf 75' lang='lat' dir='ltr'>Reid</span> <span class='ocrx_word' id='word_1_167' title='bbox 1386 1746 1433 1777; x_wconf 81' lang='lat' dir='ltr'>ad</span> <span class='ocrx_word' id='word_1_168' title='bbox 1457 1746 1516 1780; x_wconf 79' lang='lat' dir='ltr'>Cic.</span> 
     </span>
     <span class='ocr_line' id='line_1_25' title="bbox 185 1786 1516 1832; baseline 0.002 -12"><span class='ocrx_word' id='word_1_169' title='bbox 185 1788 333 1820; x_wconf 80' lang='lat' dir='ltr'><em>Su11.12</em></span> <span class='ocrx_word' id='word_1_170' title='bbox 405 1789 505 1820; x_wconf 90' lang='lat' dir='ltr'>immo</span> <span class='ocrx_word' id='word_1_171' title='bbox 523 1789 624 1820; x_wconf 83' lang='lat' dir='ltr'>etiam</span> <span class='ocrx_word' id='word_1_172' title='bbox 642 1788 765 1827; x_wconf 87' lang='lat' dir='ltr'>taedet,</span> <span class='ocrx_word' id='word_1_173' title='bbox 788 1787 817 1818; x_wconf 90' lang='lat' dir='ltr'>si</span> <span class='ocrx_word' id='word_1_174' title='bbox 834 1787 882 1827; x_wconf 87' lang='lat' dir='ltr'>fit,</span> <span class='ocrx_word' id='word_1_175' title='bbox 902 1786 1068 1826; x_wconf 86' lang='lat' dir='ltr'>obestque</span> <span class='ocrx_word' id='word_1_176' title='bbox 1084 1788 1190 1827; x_wconf 89' lang='lat' dir='ltr'>magis</span> <span class='ocrx_word' id='word_1_177' title='bbox 1201 1787 1366 1821; x_wconf 72' lang='lat' dir='ltr'>Lachm:</span> <span class='ocrx_word' id='word_1_178' title='bbox 1389 1790 1516 1832; x_wconf 85' lang='lat' dir='ltr'>Caelei,</span> 
     </span>
     <span class='ocr_line' id='line_1_26' title="bbox 185 1830 1520 1874; baseline 0.001 -10"><span class='ocrx_word' id='word_1_179' title='bbox 185 1833 300 1864; x_wconf 86' lang='lat' dir='ltr'>taedet</span> <span class='ocrx_word' id='word_1_180' title='bbox 314 1831 485 1864; x_wconf 81' lang='lat' dir='ltr'>Schwabe:</span> <span class='ocrx_word' id='word_1_181' title='bbox 510 1832 612 1863; x_wconf 90' lang='lat' dir='ltr'>immo</span> <span class='ocrx_word' id='word_1_182' title='bbox 637 1831 753 1862; x_wconf 90' lang='lat' dir='ltr'>taedet</span> <span class='ocrx_word' id='word_1_183' title='bbox 769 1830 935 1870; x_wconf 88' lang='lat' dir='ltr'>obestque</span> <span class='ocrx_word' id='word_1_184' title='bbox 953 1836 986 1861; x_wconf 91' lang='lat' dir='ltr'>et</span> <span class='ocrx_word' id='word_1_185' title='bbox 1002 1830 1110 1870; x_wconf 77' lang='lat' dir='ltr'>magis</span> <span class='ocrx_word' id='word_1_186' title='bbox 1125 1835 1227 1870; x_wconf 86' lang='lat' dir='ltr'>atque</span> <span class='ocrx_word' id='word_1_187' title='bbox 1243 1832 1350 1872; x_wconf 89' lang='lat' dir='ltr'>magis</span> <span class='ocrx_word' id='word_1_188' title='bbox 1365 1832 1520 1874; x_wconf 78' lang='lat' dir='ltr'>Postgate</span> 
     </span>
     <span class='ocr_line' id='line_1_27' title="bbox 185 1873 1518 1916; baseline 0.001 -9"><span class='ocrx_word' id='word_1_189' title='bbox 185 1883 205 1914; x_wconf 89' lang='lat'>5</span> <span class='ocrx_word' id='word_1_190' title='bbox 227 1886 329 1916; x_wconf 87' lang='lat' dir='ltr'>quern</span> <span class='ocrx_word' id='word_1_191' title='bbox 356 1887 399 1907; x_wconf 90' lang='lat' dir='ltr'>a.</span> <span class='ocrx_word' id='word_1_192' title='bbox 434 1886 520 1916; x_wconf 89' lang='lat' dir='ltr'>quae</span> <span class='ocrx_word' id='word_1_193' title='bbox 545 1875 598 1907; x_wconf 84' lang='lat' dir='ltr'>uel</span> <span class='ocrx_word' id='word_1_194' title='bbox 619 1885 686 1915; x_wconf 89' lang='lat' dir='ltr'>que</span> <span class='ocrx_word' id='word_1_195' title='bbox 710 1877 737 1905; x_wconf 92' lang='grc' dir='ltr'><strong>Ω</strong></span> <span class='ocrx_word' id='word_1_196' title='bbox 874 1875 896 1905; x_wconf 89' lang='grc'>6</span> <span class='ocrx_word' id='word_1_197' title='bbox 918 1874 964 1905; x_wconf 85' lang='lat' dir='ltr'>sic</span> <span class='ocrx_word' id='word_1_198' title='bbox 979 1873 1010 1905; x_wconf 91' lang='lat'><em>0</em></span> <span class='ocrx_word' id='word_1_199' title='bbox 1076 1874 1218 1905; x_wconf 88' lang='lat' dir='ltr'>amicum</span> <span class='ocrx_word' id='word_1_200' title='bbox 1243 1875 1345 1907; x_wconf 90' lang='lat' dir='ltr'>habet</span> <span class='ocrx_word' id='word_1_201' title='bbox 1364 1876 1518 1909; x_wconf 86' lang='lat' dir='ltr'><em>GACD:</em></span> 
     </span>
     <span class='ocr_line' id='line_1_28' title="bbox 184 1917 719 1960; baseline -0.004 -10"><span class='ocrx_word' id='word_1_202' title='bbox 184 1929 214 1950; x_wconf 85' lang='lat' dir='ltr'>a.</span> <span class='ocrx_word' id='word_1_203' title='bbox 235 1919 335 1950; x_wconf 88' lang='lat' dir='ltr'>habet</span> <span class='ocrx_word' id='word_1_204' title='bbox 359 1929 458 1960; x_wconf 87' lang='lat' dir='ltr'>marg</span> <span class='ocrx_word' id='word_1_205' title='bbox 429 1930 464 1960; x_wconf 87' lang='lat' dir='ltr'>g.</span> <span class='ocrx_word' id='word_1_206' title='bbox 482 1919 598 1950; x_wconf 89' lang='lat' dir='ltr'>habuit</span> <span class='ocrx_word' id='word_1_207' title='bbox 613 1917 719 1950; x_wconf 81' lang='lat' dir='ltr'>RVen</span> 
     </span>
    </p>

    <p class='ocr_par' dir='ltr' id='par_1_14' title="bbox 181 1950 1517 2173">
     <span class='ocr_line' id='line_1_29' title="bbox 230 1950 1516 2002; baseline 0.002 -9"><span class='ocrx_word' id='word_1_208' title='bbox 230 1961 376 1993; x_wconf 88' lang='lat' dir='ltr'>LXXIV</span> <span class='ocrx_word' id='word_1_209' title='bbox 398 1973 474 1994; x_wconf 85' lang='lat' dir='ltr'>cum</span> <span class='ocrx_word' id='word_1_210' title='bbox 485 1961 645 1992; x_wconf 84' lang='lat' dir='ltr'>LXXIII</span> <span class='ocrx_word' id='word_1_211' title='bbox 657 1962 851 1993; x_wconf 83' lang='lat' dir='ltr'>continuant</span> <span class='ocrx_word' id='word_1_212' title='bbox 866 1964 903 1998; x_wconf 88' lang='grc' dir='ltr'>Ω,</span> <span class='ocrx_word' id='word_1_213' title='bbox 925 1961 1017 1993; x_wconf 87' lang='lat' dir='ltr'><em>nullo</em></span> <span class='ocrx_word' id='word_1_214' title='bbox 1031 1962 1136 2002; x_wconf 77' lang='lat' dir='ltr'>spatio</span> <span class='ocrx_word' id='word_1_215' title='bbox 1151 1962 1254 1993; x_wconf 78' lang='lat' dir='ltr'>relicto</span> <span class='ocrx_word' id='word_1_216' title='bbox 1344 1972 1358 1993; x_wconf 88' lang='lat'>1</span> <span class='ocrx_word' id='word_1_217' title='bbox 1385 1950 1516 1996; x_wconf 87' lang='lat' dir='ltr'>Gellius</span> 
     </span>
     <span class='ocr_line' id='line_1_30' title="bbox 185 2004 1515 2046; baseline 0.002 -10"><span class='ocrx_word' id='word_1_218' title='bbox 185 2004 322 2045; x_wconf 81' lang='lat' dir='ltr'>(Gelius</span> <span class='ocrx_word' id='word_1_219' title='bbox 344 2004 384 2046; x_wconf 82' lang='grc' dir='ltr'>Ιι)</span> <span class='ocrx_word' id='word_1_220' title='bbox 408 2005 656 2045; x_wconf 80' lang='lat' dir='ltr'>Laur.33.12</span> <span class='ocrx_word' id='word_1_221' title='bbox 681 2005 746 2045; x_wconf 82' lang='lat' dir='ltr'>hp:</span> <span class='ocrx_word' id='word_1_222' title='bbox 779 2005 894 2037; x_wconf 86' lang='lat' dir='ltr'>Lelius</span> <span class='ocrx_word' id='word_1_223' title='bbox 922 2006 964 2038; x_wconf 85' lang='lat' dir='ltr'>al.</span> <span class='ocrx_word' id='word_1_224' title='bbox 990 2005 1123 2037; x_wconf 86' lang='lat' dir='ltr'>Gellius</span> <span class='ocrx_word' id='word_1_225' title='bbox 1147 2005 1275 2037; x_wconf 84' lang='lat' dir='ltr'>RVen:</span> <span class='ocrx_word' id='word_1_226' title='bbox 1308 2006 1420 2037; x_wconf 89' lang='lat' dir='ltr'>Selius</span> <span class='ocrx_word' id='word_1_227' title='bbox 1446 2010 1515 2044; x_wconf 80' lang='lat' dir='ltr'>(su-</span> 
     </span>
     <span class='ocr_line' id='line_1_31' title="bbox 181 2047 1517 2090; baseline 0.002 -11"><span class='ocrx_word' id='word_1_228' title='bbox 181 2053 305 2089; x_wconf 79' lang='lat' dir='ltr'>prascr.</span> <span class='ocrx_word' id='word_1_229' title='bbox 332 2048 359 2084; x_wconf 85' lang='lat'>1)</span> <span class='ocrx_word' id='word_1_230' title='bbox 388 2047 419 2079; x_wconf 92' lang='grc' dir='ltr'><em>Ο</em></span> <span class='ocrx_word' id='word_1_231' title='bbox 441 2048 500 2080; x_wconf 85' lang='lat' dir='ltr'>sed</span> <span class='ocrx_word' id='word_1_232' title='bbox 520 2048 670 2080; x_wconf 85' lang='lat' dir='ltr'>Madano</span> <span class='ocrx_word' id='word_1_233' title='bbox 690 2048 859 2090; x_wconf 88' lang='lat' dir='ltr'>Ge(l)1ius</span> <span class='ocrx_word' id='word_1_234' title='bbox 876 2050 988 2090; x_wconf 81' lang='lat' dir='ltr'>potius</span> <span class='ocrx_word' id='word_1_235' title='bbox 1013 2049 1127 2081; x_wconf 76' lang='lat' dir='ltr'>uisum</span> <span class='ocrx_word' id='word_1_236' title='bbox 1150 2052 1217 2080; x_wconf 84' lang='lat' dir='ltr'>est:</span> <span class='ocrx_word' id='word_1_237' title='bbox 1249 2049 1366 2081; x_wconf 88' lang='lat' dir='ltr'>Lelius</span> <span class='ocrx_word' id='word_1_238' title='bbox 1391 2049 1517 2082; x_wconf 88' lang='lat' dir='ltr'><em>GCDB</em></span> 
     </span>
     <span class='ocr_line' id='line_1_32' title="bbox 184 2089 1515 2133; baseline 0.002 -11"><span class='ocrx_word' id='word_1_239' title='bbox 184 2089 408 2123; x_wconf 64' lang='lat' dir='ltr'>Laurentiani</span> <span class='ocrx_word' id='word_1_240' title='bbox 505 2091 617 2123; x_wconf 86' lang='lat' dir='ltr'>solere</span> <span class='ocrx_word' id='word_1_241' title='bbox 633 2092 857 2124; x_wconf 76' lang='lat' dir='ltr'>Parthenius·</span> <span class='ocrx_word' id='word_1_242' title='bbox 881 2093 964 2124; x_wconf 83' lang='lat' dir='ltr'>ssere</span> <span class='ocrx_word' id='word_1_243' title='bbox 980 2095 1007 2124; x_wconf 87' lang='grc' dir='ltr'><strong>Ω</strong></span> <span class='ocrx_word' id='word_1_244' title='bbox 1142 2102 1163 2132; x_wconf 90' lang='grc'>3</span> <span class='ocrx_word' id='word_1_245' title='bbox 1188 2093 1387 2133; x_wconf 86' lang='lat' dir='ltr'>perdepsuit</span> <span class='ocrx_word' id='word_1_246' title='bbox 1402 2093 1515 2126; x_wconf 43' lang='lat' dir='ltr'>scala</span> 
     </span>
     <span class='ocr_line' id='line_1_33' title="bbox 183 2135 425 2175; baseline 0.004 -10"><span class='ocrx_word' id='word_1_247' title='bbox 183 2135 331 2175; x_wconf 84' lang='lat' dir='ltr'>perdesp</span> <span class='ocrx_word' id='word_1_248' title='bbox 333 2135 381 2166; x_wconf 87' lang='lat' dir='ltr'>uit</span> <span class='ocrx_word' id='word_1_249' title='bbox 397 2138 425 2166; x_wconf 95' lang='grc' dir='ltr'><strong>Ω</strong></span> 
     </span>
    </p>

    <p class='ocr_par' dir='ltr' id='par_1_15' title="bbox 181 2176 1518 2395">
     <span class='ocr_line' id='line_1_34' title="bbox 228 2176 1514 2221; baseline 0.003 -13"><span class='ocrx_word' id='word_1_250' title='bbox 228 2177 356 2209; x_wconf 88' lang='lat' dir='ltr'>LXXV</span> <span class='ocrx_word' id='word_1_251' title='bbox 379 2189 454 2210; x_wconf 86' lang='lat' dir='ltr'>cum</span> <span class='ocrx_word' id='word_1_252' title='bbox 473 2176 627 2209; x_wconf 85' lang='lat' dir='ltr'>LXXIV</span> <span class='ocrx_word' id='word_1_253' title='bbox 637 2179 830 2210; x_wconf 73' lang='lat' dir='ltr'>continuant</span> <span class='ocrx_word' id='word_1_254' title='bbox 845 2182 883 2220; x_wconf 81' lang='grc' dir='ltr'>Ω,</span> <span class='ocrx_word' id='word_1_255' title='bbox 903 2179 996 2211; x_wconf 84' lang='lat' dir='ltr'><em>nullo</em></span> <span class='ocrx_word' id='word_1_256' title='bbox 1017 2180 1125 2221; x_wconf 68' lang='lat' dir='ltr'>spano</span> <span class='ocrx_word' id='word_1_257' title='bbox 1140 2179 1242 2211; x_wconf 67' lang='lat' dir='ltr'>mlicto</span> <span class='ocrx_word' id='word_1_258' title='bbox 1332 2189 1346 2210; x_wconf 93' lang='lat'>1</span> <span class='ocrx_word' id='word_1_259' title='bbox 1373 2180 1451 2212; x_wconf 88' lang='lat' dir='ltr'>Huc</span> <span class='ocrx_word' id='word_1_260' title='bbox 1464 2185 1514 2213; x_wconf 89' lang='grc' dir='ltr'>Ω·</span> 
     </span>
     <span class='ocr_line' id='line_1_35' title="bbox 183 2219 1518 2266; baseline 0.004 -14"><span class='ocrx_word' id='word_1_261' title='bbox 183 2219 274 2252; x_wconf 81' lang='lat' dir='ltr'>hunc</span> <span class='ocrx_word' id='word_1_262' title='bbox 296 2220 532 2253; x_wconf 73' lang='lat' dir='ltr'>Phae·1.:nune</span> <span class='ocrx_word' id='word_1_263' title='bbox 555 2226 579 2262; x_wconf 80' lang='lat' dir='ltr'>p</span> <span class='ocrx_word' id='word_1_264' title='bbox 602 2222 688 2253; x_wconf 86' lang='lat' dir='ltr'>unde</span> <span class='ocrx_word' id='word_1_265' title='bbox 710 2221 796 2255; x_wconf 82' lang='lat' dir='ltr'>scal.</span> <span class='ocrx_word' id='word_1_266' title='bbox 823 2223 893 2254; x_wconf 83' lang='lat' dir='ltr'>hoc</span> <span class='ocrx_word' id='word_1_267' title='bbox 907 2224 1110 2255; x_wconf 77' lang='lat' dir='ltr'>tetrastichon</span> <span class='ocrx_word' id='word_1_268' title='bbox 1137 2234 1158 2255; x_wconf 90' lang='lat' dir='ltr'><strong><em>a</em></strong></span> <span class='ocrx_word' id='word_1_269' title='bbox 1182 2234 1205 2257; x_wconf 88' lang='lat' dir='ltr'>c.</span> <span class='ocrx_word' id='word_1_270' title='bbox 1232 2221 1442 2255; x_wconf 88' lang='lat' dir='ltr'>LXXXVII</span> <span class='ocrx_word' id='word_1_271' title='bbox 1454 2230 1518 2266; x_wconf 83' lang='lat' dir='ltr'>per</span> 
     </span>
     <span class='ocr_line' id='line_1_36' title="bbox 181 2264 1512 2307; baseline 0.005 -13"><span class='ocrx_word' id='word_1_272' title='bbox 181 2273 321 2295; x_wconf 72' lang='lat' dir='ltr'>errorem</span> <span class='ocrx_word' id='word_1_273' title='bbox 345 2264 524 2296; x_wconf 64' lang='lat' dir='ltr'>abscissum</span> <span class='ocrx_word' id='word_1_274' title='bbox 548 2268 576 2296; x_wconf 85' lang='lat' dir='ltr'>et</span> <span class='ocrx_word' id='word_1_275' title='bbox 597 2276 674 2296; x_wconf 92' lang='lat' dir='ltr'>cum</span> <span class='ocrx_word' id='word_1_276' title='bbox 697 2276 733 2297; x_wconf 87' lang='lat' dir='ltr'>eo</span> <span class='ocrx_word' id='word_1_277' title='bbox 749 2266 1016 2307; x_wconf 79' lang='lat' dir='ltr'>coniungendam</span> <span class='ocrx_word' id='word_1_278' title='bbox 1035 2267 1172 2307; x_wconf 82' lang='lat' dir='ltr'>putauit</span> <span class='ocrx_word' id='word_1_279' title='bbox 1188 2267 1248 2298; x_wconf 83' lang='lat' dir='ltr'>hoc</span> <span class='ocrx_word' id='word_1_280' title='bbox 1262 2267 1383 2299; x_wconf 88' lang='lat' dir='ltr'>modo:</span> <span class='ocrx_word' id='word_1_281' title='bbox 1411 2268 1512 2301; x_wconf 87' lang='lat' dir='ltr'>Nulla</span> 
     </span>
     <span class='ocr_line' id='line_1_37' title="bbox 182 2308 1512 2350; baseline 0.004 -12"><span class='ocrx_word' id='word_1_282' title='bbox 182 2312 297 2346; x_wconf 85' lang='lat' dir='ltr'>potest</span> <span class='ocrx_word' id='word_1_283' title='bbox 315 2308 436 2339; x_wconf 82' lang='lat' dir='ltr'>mulier</span> <span class='ocrx_word' id='word_1_284' title='bbox 451 2312 581 2340; x_wconf 85' lang='lat' dir='ltr'>tantum</span> <span class='ocrx_word' id='word_1_285' title='bbox 601 2318 640 2340; x_wconf 86' lang='lat' dir='ltr'>se</span> <span class='ocrx_word' id='word_1_286' title='bbox 661 2309 775 2341; x_wconf 87' lang='lat' dir='ltr'>dicere</span> <span class='ocrx_word' id='word_1_287' title='bbox 799 2315 944 2342; x_wconf 77' lang='lat' dir='ltr'>amatam</span> <span class='ocrx_word' id='word_1_288' title='bbox 964 2310 1068 2350; x_wconf 84' lang='lat' dir='ltr'>Vere,</span> <span class='ocrx_word' id='word_1_289' title='bbox 1086 2315 1250 2350; x_wconf 86' lang='lat' dir='ltr'>quantum</span> <span class='ocrx_word' id='word_1_290' title='bbox 1273 2321 1293 2342; x_wconf 89' lang='lat' dir='ltr'>a</span> <span class='ocrx_word' id='word_1_291' title='bbox 1313 2322 1367 2343; x_wconf 88' lang='lat' dir='ltr'>me</span> <span class='ocrx_word' id='word_1_292' title='bbox 1390 2311 1512 2344; x_wconf 87' lang='lat' dir='ltr'>Lesbia</span> 
     </span>
     <span class='ocr_line' id='line_1_38' title="bbox 181 2351 1511 2395; baseline 0.005 -14"><span class='ocrx_word' id='word_1_293' title='bbox 181 2355 292 2382; x_wconf 82' lang='lat' dir='ltr'>amata</span> <span class='ocrx_word' id='word_1_294' title='bbox 316 2361 391 2383; x_wconf 85' lang='lat' dir='ltr'>mea</span> <span class='ocrx_word' id='word_1_295' title='bbox 409 2361 457 2383; x_wconf 89' lang='lat' dir='ltr'>es.</span> <span class='ocrx_word' id='word_1_296' title='bbox 505 2351 605 2383; x_wconf 88' lang='lat' dir='ltr'>Nulla</span> <span class='ocrx_word' id='word_1_297' title='bbox 622 2352 707 2384; x_wconf 85' lang='lat' dir='ltr'>fides</span> <span class='ocrx_word' id='word_1_298' title='bbox 726 2353 819 2384; x_wconf 87' lang='lat' dir='ltr'>nullo</span> <span class='ocrx_word' id='word_1_299' title='bbox 836 2353 899 2385; x_wconf 84' lang='lat' dir='ltr'>suit</span> <span class='ocrx_word' id='word_1_300' title='bbox 919 2363 1075 2394; x_wconf 89' lang='lat' dir='ltr'>umquam</span> <span class='ocrx_word' id='word_1_301' title='bbox 1090 2354 1230 2385; x_wconf 84' lang='lat' dir='ltr'>foedere</span> <span class='ocrx_word' id='word_1_302' title='bbox 1255 2359 1357 2393; x_wconf 78' lang='lat' dir='ltr'>tanta,</span> <span class='ocrx_word' id='word_1_303' title='bbox 1374 2354 1511 2395; x_wconf 87' lang='lat' dir='ltr'>Quanta</span> 
     </span>
    </p>
   </div>
   <div class='ocr_carea' id='block_1_11' title="bbox 180 2392 1511 2474">
    <p class='ocr_par' dir='ltr' id='par_1_16' title="bbox 180 2392 1511 2474">
     <span class='ocr_line' id='line_1_39' title="bbox 180 2392 1511 2463; baseline 0.006 -40"><span class='ocrx_word' id='word_1_304' title='bbox 180 2392 218 2424; x_wconf 81' lang='lat' dir='ltr'>in</span> <span class='ocrx_word' id='word_1_305' title='bbox 241 2403 359 2426; x_wconf 84' lang='lat' dir='ltr'>amore</span> <span class='ocrx_word' id='word_1_306' title='bbox 385 2404 462 2427; x_wconf 82' lang='lat' dir='ltr'>meo</span> <span class='ocrx_word' id='word_1_307' title='bbox 487 2403 533 2426; x_wconf 77' lang='lat' dir='ltr'>ex</span> <span class='ocrx_word' id='word_1_308' title='bbox 554 2399 653 2434; x_wconf 83' lang='lat' dir='ltr'>parte</span> <span class='ocrx_word' id='word_1_309' title='bbox 677 2401 812 2436; x_wconf 84' lang='lat' dir='ltr'>reperta</span> <span class='ocrx_word' id='word_1_310' title='bbox 839 2406 913 2428; x_wconf 85' lang='lat' dir='ltr'>mea</span> <span class='ocrx_word' id='word_1_311' title='bbox 936 2401 1000 2428; x_wconf 83' lang='lat' dir='ltr'>est.</span> <span class='ocrx_word' id='word_1_312' title='bbox 1045 2396 1146 2429; x_wconf 83' lang='lat' dir='ltr'>Nunc</span> <span class='ocrx_word' id='word_1_313' title='bbox 1169 2402 1222 2429; x_wconf 84' lang='lat' dir='ltr'>est</span> <span class='ocrx_word' id='word_1_314' title='bbox 1247 2407 1343 2430; x_wconf 87' lang='lat' dir='ltr'>mens</span> <span class='ocrx_word' id='word_1_315' title='bbox 1365 2400 1511 2463; x_wconf 50' lang='lat' dir='ltr'>adfucta</span> 
     </span>
     <span class='ocr_line' id='line_1_40' title="bbox 1382 2443 1400 2474; baseline 0 0"><span class='ocrx_word' id='word_1_316' title='bbox 1382 2443 1400 2474; x_wconf 81' lang='lat'>7</span> 
     </span>
    </p>
   </div>
  </div>
 </body>
</html>
