1682 2690
1012 120 1255 161 CARMEN
1287 119 1468 159 LXVIII

188 244 290 283 quae
318 237 409 271 tuus
438 229 480 270 in
508 230 590 271 uita
618 230 746 271 dulcis
774 231 906 271 alebat
933 243 1055 271 amor.

133 296 245 337 cuius
273 310 348 348 ego
376 296 535 336 interitu
564 304 647 336 tota
675 298 727 336 de
756 303 890 336 mente
918 295 1052 348 fugaui
1426 312 1467 346 25

186 364 286 403 haec
313 362 444 402 studia
472 370 591 413 atque
620 362 751 402 omnis
780 362 941 403 delicias
969 362 1104 402 animi.

131 442 263 480 quare,
294 429 405 480 quod
435 427 572 467 scribis
602 429 787 468 Veronae
815 435 930 479 turpe
960 429 1120 468 Catullo

184 506 283 542 esse,
313 494 424 545 quod
453 493 518 532 hic
547 492 727 544 quisquis
756 495 808 534 de
837 493 1000 533 meliore
1028 500 1125 532 nota

130 558 269 610 frigida
296 559 454 599 deserto
482 558 687 609 tepefacsit
716 559 896 599 membra
924 558 1058 606 cubili,

183 623 236 672 id,
268 623 392 672 Malli,
423 636 506 663 non
534 630 594 663 est
622 631 747 676 turpe,
778 623 903 675 magis
933 623 1120 663 miserum
1149 631 1220 663 est.
1425 641 1467 672 30

129 689 309 740 ignosces
337 689 464 740 igitur,
495 689 537 738 si,
569 702 673 740 quae
702 689 800 728 mihi
828 690 958 729 luctus
987 689 1148 737 ademit,

183 755 281 794 haec
309 753 381 793 tibi
410 767 492 794 non
521 754 653 794 tribuo
683 768 858 803 munera,
889 768 982 794 cum
1011 768 1181 806 nequeo.

128 832 233 867 nam,
263 820 374 870 quod
403 819 635 871 scriptorum
666 833 749 859 non
778 833 922 871 magna
950 827 1009 860 est
1038 819 1154 871 copia
1182 821 1290 871 apud
1320 833 1397 870 me,

181 886 260 924 hoc
287 886 342 934 fit,
373 886 484 937 quod
514 887 670 925 Romae
698 885 896 925 uiuimus:
934 885 1000 925 illa
1030 887 1185 934 domus,

127 950 193 989 illa
221 949 318 989 mihi
347 951 472 999 sedes,
504 950 583 990 illic
613 963 701 990 mea
729 950 902 1002 carpitur
929 958 1062 990 aetas:
1422 967 1462 1001 35

180 1016 259 1055 huc
287 1028 367 1055 una
395 1029 442 1055 ex
471 1015 604 1055 multis
633 1017 795 1067 capsula
823 1029 888 1055 me
917 1015 1103 1066 sequitur.

126 1081 236 1132 quod
264 1094 356 1120 cum
385 1081 439 1120 ita
467 1081 527 1130 sit,
558 1080 682 1121 nolim
711 1088 860 1121 statuas
890 1094 963 1120 nos
992 1088 1127 1120 mente
1156 1081 1328 1132 maligna

179 1145 222 1186 id
250 1147 378 1186 facere
405 1154 474 1186 aut
502 1146 637 1186 animo
665 1160 748 1186 non
778 1146 870 1186 satis
900 1146 1088 1198 ingenuo,

125 1212 235 1262 quod
264 1211 337 1250 tibi
366 1225 448 1251 non
477 1211 681 1263 utriusque
710 1211 861 1263 petenti
890 1211 1006 1263 copia
1034 1218 1150 1262 posta
1178 1218 1261 1253 est:

179 1277 282 1316 ultro
311 1290 384 1328 ego
414 1278 618 1325 deferrem,
650 1276 766 1328 copia
796 1276 910 1328 siqua
938 1278 1049 1317 foret.
1419 1295 1462 1326 40

668 1367 687 1389 *

125 1407 219 1446 Non
247 1420 411 1459 possum
439 1407 612 1455 reticere,
643 1408 755 1456 deae,
784 1420 863 1458 qua
892 1420 956 1446 me
985 1406 1113 1447 Allius
1141 1407 1182 1447 in
1211 1421 1253 1447 re

177 1472 319 1513 iuuerit
348 1480 416 1512 aut
445 1472 602 1524 quantis
631 1472 774 1512 iuuerit
802 1472 952 1520 officiis,

122 1551 173 1578 ne
202 1539 355 1591 fugiens
385 1538 523 1579 saeclis
552 1538 882 1578 obliuiscentibus
909 1545 1018 1577 aetas

174 1604 278 1644 illius
307 1606 385 1645 hoc
414 1618 533 1645 caeca
561 1611 680 1644 nocte
710 1611 814 1655 tegat
843 1603 1045 1644 studium:

121 1671 191 1710 sed
219 1670 351 1710 dicam
381 1670 508 1718 uobis,
540 1683 613 1710 uos
643 1683 760 1721 porro
789 1669 910 1709 dicite
939 1668 1072 1708 multis
1413 1686 1455 1718 45

174 1734 334 1775 milibus
363 1743 402 1776 et
430 1735 548 1775 facite
576 1736 676 1774 haec
705 1742 811 1774 carta
839 1736 1024 1785 loquatur
1051 1747 1163 1773 anus.

162 1850 272 1881 27-30
294 1840 419 1873 delebat
441 1840 584 1873 Landor
669 1851 711 1880 27
738 1839 871 1871 Catullo
898 1838 984 1881 (-ulo
1004 1838 1041 1880 a)
1061 1837 1137 1871 Da:
1163 1838 1297 1870 Catulle
1314 1841 1351 1877 Ω,
1369 1839 1458 1879 quod

119 1885 290 1916 reuocabat
314 1884 439 1916 Munro
564 1886 608 1917 28
631 1884 745 1924 quiuis
771 1883 911 1915 Lachm.
1058 1892 1102 1922 29
1124 1882 1291 1923 tepefaxit
1315 1881 1454 1915 Lachm.

118 1928 279 1968 tepefacit
295 1931 322 1959 Ω
340 1940 348 1960 :
381 1928 543 1969 tepefacit
559 1928 602 1961 al.
623 1928 741 1959 -sactat
757 1925 864 1958 RVen
983 1936 1028 1965 30
1050 1925 1129 1957 mali
1155 1929 1193 1966 n,
1219 1925 1287 1957 nisi
1306 1925 1396 1966 quod
1422 1926 1456 1957 B

117 1971 213 2002 habet
222 1972 324 2003 mali:
348 1972 450 2003 manli
460 1972 520 2014 hp:
547 1971 639 2004 Mani
651 1971 792 2003 Lachm.
880 1980 924 2010 32
947 1974 1018 2001 tum
1037 1969 1068 2000 O
1156 1979 1197 2009 37
1221 1969 1324 2000 nolim
1337 1969 1456 2001 codices

111 2019 243 2056 praeter
270 2015 324 2046 O:
357 2015 425 2047 noli
451 2014 482 2046 Ο
616 2015 660 2055 38
684 2015 835 2055 ingenuo
858 2014 963 2055 Ahap
989 2017 1019 2045 et
1041 2013 1075 2044 Β
1101 2012 1252 2044 nondum
1279 2016 1454 2045 mutatus:

118 2059 256 2098 ingenio
269 2057 438 2091 GORVm
453 2062 484 2090 et
495 2058 639 2101 plerique
733 2069 778 2099 39
802 2058 899 2099 petiti
911 2057 1115 2089 Parthenius
1175 2061 1275 2097 posta
1292 2059 1319 2087 Ω
1334 2067 1341 2087 :
1365 2057 1452 2089 sacta

118 2101 193 2143 Dp:
217 2107 353 2142 praesto
362 2102 543 2134 Froehlich:
560 2106 657 2143 parta
669 2102 826 2135 Schwabe
912 2112 956 2141 40
980 2102 1133 2133 differem
1148 2099 1219 2133 Ga:
1237 2100 1407 2132 differrem
1425 2103 1451 2132 Ω

116 2155 157 2184 4t
184 2156 250 2185 qua
273 2156 328 2177 me
345 2145 456 2177 Allius
477 2145 642 2187 Scaliger:
673 2156 775 2186 quam
798 2145 943 2188 fal(l)ius
966 2148 993 2176 Ω
1164 2154 1206 2183 42
1230 2144 1358 2175 inuenit
1381 2169 1390 2176 .
1411 2169 1419 2176 .
1440 2169 1448 2177 .

117 2189 241 2220 uiuerit
265 2188 296 2219 Ο
312 2201 320 2221 :
355 2189 477 2220 fouerit
487 2193 593 2230 potest
608 2189 713 2221 uideri
729 2189 842 2231 legisse
859 2189 973 2231 Agius
991 2188 1026 2220 in
1043 2187 1193 2229 Epr'cedio
1213 2187 1452 2220 Hathumodae

118 2242 169 2273 73,
187 2244 207 2272 4
224 2232 330 2273 (Poet.
355 2232 433 2266 Lat.
461 2233 539 2264 aeui
559 2233 709 2265 Carolini
727 2234 770 2264 iii.
787 2238 823 2274 p.
839 2243 903 2273 373
933 2232 1077 2273 Traube)
1101 2232 1172 2263 Vos
1196 2231 1318 2263 melius
1342 2232 1451 2264 nostis

115 2281 242 2316 quanto
266 2286 321 2308 me
343 2286 481 2317 semper
502 2287 629 2318 amore,
654 2277 798 2317 Quantis
818 2277 993 2308 incolumis
1012 2276 1138 2307 fouerit
1159 2275 1276 2307 officiis
1407 2287 1450 2316 43

116 2330 160 2351 ne
185 2319 276 2361 Calp.
306 2321 410 2359 1481:
437 2330 502 2351 nec
523 2319 615 2353 codd.
634 2323 765 2362 praeter
783 2320 858 2361 Bp:
891 2320 955 2351 hec
978 2319 1033 2361 Bp
1117 2320 1213 2351 sedis
1233 2322 1260 2350 Ω
1406 2331 1449 2360 44

115 2367 208 2403 teget
236 2363 408 2395 Mam'lius
538 2365 582 2402 46
604 2368 695 2395 carta
718 2362 826 2395 Laur.
849 2373 902 2403 33.
925 2373 986 2394 12:
1014 2367 1106 2395 certa
1129 2363 1171 2395 al.
1203 2368 1292 2395 carta
1321 2363 1447 2396 RVen:

117 2411 229 2438 cerata
256 2406 308 2438 O:
344 2412 436 2439 certa
461 2405 737 2447 GBLa¹CADp2
767 2417 843 2438 cera
866 2406 995 2438 Statius
1125 2406 1210 2438 Post
1234 2408 1277 2446 46
1301 2407 1448 2448 spatium
