1682 2690
249 139 491 180 CATVLLI

248 260 367 298 quam
395 246 701 287 circumcursans
729 246 821 286 hinc
850 245 955 286 illinc
983 258 1099 297 saepe
1127 246 1287 298 Cupido

301 311 472 361 fulgebat
500 309 656 350 crocina
682 309 874 350 candidus
902 309 942 349 in
971 309 1112 349 tunica.

248 387 348 424 quae
377 381 508 413 tamen
536 374 608 413 etsi
636 386 716 413 uno
744 386 825 413 non
853 381 912 413 est
940 380 1126 413 contenta
1153 374 1320 423 Catullo,
1493 390 1554 424 ¹3⁵

300 451 384 477 rara
411 439 657 477 uerecundae
685 439 785 476 furta
813 438 979 477 feremus
1008 438 1135 485 herae,

247 516 298 541 ne
325 501 489 541 nimium
518 501 638 541 simus
667 503 871 541 stultorum
901 514 1020 541 more·
1036 501 1200 541 molesti.

300 579 416 617 saepe
444 565 560 605 etiarn
591 567 705 614 Iuno,
736 565 904 605 maxima
931 565 1173 614 caelicolum,

247 629 422 680 coniugis
450 629 490 668 in
518 631 634 680 culpa
661 630 886 680 flagrantem
915 629 1094 669 contudit
1121 628 1229 676 iram,

300 706 467 732 noscens
495 692 685 732 omniuoli
714 692 880 743 plurima
906 694 1008 732 sacta
1038 692 1155 732 Iouis.
1494 710 1555 742 140

245 763 295 804 at,
325 755 417 807 quia
444 769 518 795 nec
545 756 647 797 diuis
675 756 855 796 homines
882 756 1109 808 componier
1136 769 1306 807 aequum
1334 765 1403 805 est,

246 913 1384 923 ιιιιιιιιιιιιιιιιιι

298 947 491 998 ingratum
519 947 672 987 tremuli
700 949 793 988 tolle
820 947 989 999 parentis
1018 960 1127 987 onus.

245 1024 319 1051 nec
347 1019 479 1051 tamen
507 1010 572 1050 illa
600 1010 695 1050 mihi
722 1012 876 1051 dexstra
903 1012 1074 1051 deducta
1101 1018 1261 1062 paterna

298 1075 526 1125 fraglantem
554 1074 713 1125 Assyrio
740 1074 848 1114 uenit
876 1076 998 1116 odore
1025 1076 1200 1122 domum,

246 1139 316 1178 sed
343 1137 485 1177 furtiua
512 1137 622 1178 dedit
650 1137 746 1177 mira
774 1140 1006 1178 munuscula
1033 1146 1160 1186 nocte,
1495 1154 1555 1186 ¹45

299 1202 419 1254 ipsius
447 1216 494 1243 ex
521 1202 607 1254 ipso
633 1204 796 1254 dempta
823 1202 894 1243 uiri
921 1202 1079 1254 gremio.

246 1280 365 1317 quare
393 1266 489 1306 illud
517 1266 608 1306 satis
635 1274 708 1316 est,
735 1266 767 1307 si
795 1266 909 1307 nobis
937 1267 970 1307 is
997 1268 1111 1307 datur
1137 1267 1226 1307 unis

299 1344 417 1381 quem
445 1330 575 1382 lapide
602 1330 668 1370 illa
695 1330 800 1371 diem
828 1331 1055 1371 candidiore
1083 1339 1203 1371 notat.

245 1396 322 1434 hoc
350 1394 433 1442 tibi,
462 1395 571 1445 quod
599 1394 719 1447 potui,
749 1396 973 1435 confectum
1001 1395 1172 1435 carmine
1200 1409 1343 1436 munus

300 1471 371 1509 pro
398 1457 541 1506 multis,
572 1458 660 1506 Alli,
682 1458 857 1499 redditur
883 1458 1034 1508 officiis,
1493 1475 1556 1509 ¹50

292 1571 352 1601 133
375 1562 440 1593 huc
456 1560 534 1592 illuc
551 1561 607 1593 Da
697 1571 756 1602 137
777 1565 865 1594 extat
883 1563 918 1594 in
938 1562 1135 1604 compendio
1150 1563 1333 1597 Moralium
1348 1563 1554 1597 Notabilium

244 1603 432 1636 Hieremiae
442 1603 563 1636 ludu-125
572 1603 611 1636 de
621 1603 845 1646 Montagnone
852 1604 944 1637 Part.
957 1606 1004 1637 II.
1015 1605 1087 1639 Lib.
1105 1617 1132 1646 1,
1147 1606 1273 1638 Rubn'c.
1285 1618 1306 1647 5
1318 1607 1364 1640 ed.
1381 1607 1457 1640 Ven.
1472 1618 1554 1648 1505

248 1656 311 1686 139
325 1647 475 1679 contudit
484 1646 565 1679 iram
577 1646 766 1689 Hertzberg:
787 1649 947 1688 cot(qu0t.
960 1648 1033 1689 GR,
1042 1654 1119 1681 cott.
1132 1648 1329 1689 La¹)idiana
1344 1653 1387 1682 n:
1402 1653 1554 1683 continet

245 1689 329 1721 iram
342 1688 490 1721 Santen:
520 1691 699 1730 concoquit
714 1691 735 1722 i.
754 1690 908 1723 Lachm.:
938 1692 1088 1724 condidit
1105 1693 1125 1724 i.
1143 1692 1231 1724 Pam
1299 1692 1380 1724 Post
1395 1703 1456 1734 139
1471 1693 1555 1725 duos

246 1742 360 1764 uersus
370 1732 520 1764 exadssse
530 1733 672 1765 censebat
679 1732 807 1765 Statius
897 1745 958 1774 140
973 1735 1060 1766 facta
1071 1738 1098 1766 Ω
1111 1746 1118 1765 :
1133 1735 1219 1767 furta
1229 1735 1285 1767 Da
1295 1735 1551 1768 Μηλίων.

248 1784 304 1814 141
329 1780 362 1807 at
376 1775 454 1815 quia
467 1774 584 1808 CAD:
600 1781 702 1816 atque
720 1775 940 1809 GORVeth
959 1776 1178 1810 Laurentiam'
1191 1788 1199 1809 :
1232 1779 1325 1818 atqui
1341 1783 1368 1819 p
1464 1789 1554 1810 eom·

245 1817 366 1858 ponier
389 1817 481 1859 Calp.
499 1819 576 1858 1481
594 1830 601 1850 :
633 1828 833 1858 componere
849 1819 936 1853 codd.
980 1819 1062 1852 Post
1075 1830 1131 1859 141
1150 1820 1318 1852 Mam'lius
1332 1821 1474 1853 censebat
1488 1831 1555 1852 non

241 1866 351 1901 pauca
365 1860 523 1901 exailssse,
536 1861 686 1901 idemque
697 1861 831 1894 Ladtm.
846 1862 1022 1895 iudicauit:
1046 1863 1227 1904 repagatus
1242 1867 1289 1895 est
1299 1863 1423 1894 Munro
1432 1869 1467 1905 p.
1480 1874 1550 1903 191.

245 1903 286 1934 In
307 1903 459 1935 coda’cnhus
474 1904 605 1935 nullum
621 1904 828 1937 interstitium
844 1908 899 1938 est.
1022 1915 1081 1945 142
1104 1906 1236 1938 tremuli
1252 1906 1334 1938 tolle
1349 1905 1438 1938 codd.
1458 1918 1466 1938 ε
1487 1911 1553 1938 tre·

246 1946 358 1978 mulist
381 1947 439 1978 illa
454 1946 591 1980 Lachm.
726 1957 787 1988 143
808 1948 947 1980 dexstra
961 1947 1136 1981 Schwabe:
1161 1949 1297 1980 deastra
1316 1951 1343 1979 Ω
1360 1959 1368 1980 =
1395 1950 1440 1981 de
1462 1954 1554 1981 astra

247 1990 424 2029 (suprascr.
442 1990 523 2028 dex)
540 2000 562 2022 a
687 2000 748 2030 144
771 1990 972 2032 fraglantem
986 1991 1115 2032 scripsi:
1139 1991 1278 2032 ssafflnn.
1289 1991 1492 2031 mgrnntem
1503 1994 1532 2023 Ω
1546 2002 1555 2023 z

246 2031 446 2071 fragrantem
463 2032 498 2064 D
661 2042 721 2073 145
744 2043 819 2065 rara
834 2033 952 2076 Haupt
1115 2044 1174 2074 147
1198 2034 1227 2066 is
1241 2034 1298 2066 D:
1320 2033 1373 2065 his
1389 2033 1428 2074 G,
1447 2034 1552 2066 Laur.

245 2084 297 2113 33.
321 2084 370 2114 12,
385 2074 490 2106 RVm
507 2075 566 2107 sed
577 2075 628 2106 hic
643 2079 763 2117 puncto
778 2075 888 2108 addito
903 2076 1005 2117 (his):
1028 2076 1094 2108 hiis
1112 2075 1142 2107 Ο
1217 2077 1349 2109 unisn:
1373 2086 1462 2108 unus
1476 2077 1556 2118 Dap

240 2117 318 2157 sort.
337 2118 366 2148 si
386 2118 484 2150 nobis
501 2117 530 2150 is
544 2118 643 2149 datur
663 2127 751 2150 unus
766 2118 842 2158 Quo
862 2119 972 2159 lapide
988 2119 1046 2150 iun
1061 2119 1135 2151 dies
1150 2129 1178 2151 c.
1195 2124 1300 2158 notat,
1322 2119 1354 2151 Ιι.
1372 2130 1397 2152 e.
1415 2120 1446 2152 is
1467 2129 1555 2151 unus

246 2160 334 2200 lapis
351 2170 419 2200 quo
441 2161 637 2192 candidiore
661 2161 717 2192 ina
739 2166 834 2194 notat
856 2162 930 2194 dies
1062 2163 1122 2201 148
1143 2163 1233 2194 diem
1247 2161 1294 2193 ed.
1310 2162 1428 2195 Parm.
1451 2171 1554 2202 1473:

247 2202 320 2234 dies
335 2202 422 2235 codd.
559 2213 619 2244 149
641 2203 679 2242 csI
697 2203 809 2237 Carm.
823 2204 1002 2245 Epigmph.
1016 2204 1187 2237 Buecheler
1198 2215 1272 2244 270.
1290 2214 1310 2235 ε
1325 2210 1358 2237 et
1374 2205 1447 2245 tibi,
1463 2205 1553 2245 quod

247 2245 341 2284 potui
357 2255 365 2282 ς
393 2255 484 2284 1040.
499 2255 596 2286 squo
608 2255 744 2286 possum
758 2257 897 2279 munere
913 2256 1018 2287 paruo
1078 2257 1144 2287 quo
1156 2248 1252 2288 potui
1269 2246 1419 2279 Muretus
1477 2257 1554 2279 con·

247 2287 371 2320 sectum
387 2288 477 2322 codd.
490 2289 571 2332 fin.
589 2289 770 2322 confictum
902 2299 963 2331 150
982 2289 1331 2332 ΑΙΙίδωΙιξσελιΙίὶε
1344 2289 1431 2323 mad.
1462 2319 1468 2322 .
1501 2319 1504 2322 Δ
1544 2315 1552 2321 .
