1592 2664
199 132 439 174 CATVLLI

250 249 404 282 comata
431 241 551 282 siluaz
578 254 669 281 nam
699 240 859 292 Cytorio
886 241 926 280 in
954 240 1046 292 iugo

250 308 435 358 loquente
463 318 578 357 saepe
606 305 762 344 sibilum
790 304 913 344 edidit
940 318 1064 344 coma.

250 370 420 410 Amastri
450 369 612 408 Pontica
640 376 678 408 et
706 370 850 419 Cytore
879 369 1038 417 buxifer,

250 433 320 473 tibi
348 434 446 472 haec
473 432 591 472 fuisse
619 440 658 472 et
685 445 770 472 esse
798 431 1063 482 cognitissima

249 497 302 537 ait
329 498 546 549 phasellus:
579 495 715 535 ultima
742 509 789 536 ex
815 495 963 547 origine
1463 510 1502 543 ¹5

250 569 319 600 tuo
347 560 498 600 stetisse
526 560 619 600 dicit
648 560 687 599 in
717 560 929 607 cacumine,

250 633 319 664 tuo
347 624 534 663 imbuisse
563 626 752 675 palmulas
781 624 820 662 in
848 637 1028 675 aequore,

250 696 289 727 et
316 688 408 728 inde
436 695 494 728 tot
521 701 590 739 per
616 687 846 739 impotentia
873 689 969 727 freta

250 753 386 791 herum
415 751 558 799 tulisse,
589 752 700 791 laeua
730 751 812 790 siue
841 753 997 791 dextera

250 823 408 856 uocaret
434 829 538 864 aura,
569 815 651 855 siue
679 823 886 866 utrumque
917 814 1092 866 Iuppiter
1465 828 1507 853 πο

250 880 365 920 simul
394 881 590 920 secundus
618 879 820 919 incidisset
847 879 887 919 in
915 880 1070 930 pedem.

251 957 379 996 neque
407 946 485 984 ulla
513 951 605 984 uota
632 943 847 983 litoralibus
875 943 960 983 deis

251 1008 325 1047 sibi
353 1021 438 1048 esse
466 1009 577 1055 facta,
596 1021 698 1053 ‚cum
727 1006 876 1046 ueniret
904 1020 927 1046 a
955 1005 1074 1046 marei

251 1071 466 1112 nouissimo
494 1073 599 1111 hunc
627 1072 678 1111 ad
706 1083 830 1122 usque
857 1070 1065 1121 limpidum
1093 1070 1232 1109 lacum.

250 1137 320 1176 sed
347 1138 445 1176 haec
472 1135 577 1187 prius
604 1136 734 1175 fuere:
762 1147 867 1174 nunc
894 1133 1096 1173 recondita
1467 1145 1508 1179 ²5

251 1206 361 1240 senet
387 1198 519 1251 quiete
546 1211 667 1250 seque
694 1197 852 1238 dedicat
879 1196 962 1245 tibi,

249 1264 414 1314 gemelle
441 1263 581 1303 Castor
607 1269 646 1302 et
673 1262 837 1312 gemelle
865 1260 1048 1302 Castoris.

699 1419 737 1454 V

251 1515 455 1563 V1vAMvs,
486 1526 574 1553 mea
601 1512 755 1560 Lesbia,
785 1520 905 1563 atque
931 1525 1122 1560 amemus,

251 1589 505 1628 rumoresque
533 1590 671 1616 senum
699 1575 937 1615 seueriorum

251 1653 390 1681 omnes
418 1639 534 1683 unius
561 1639 811 1680 aestimemus
838 1638 945 1678 assis.

252 1705 354 1745 soles
382 1703 562 1743 occidere
590 1711 628 1743 et
657 1703 780 1742 redire
808 1709 996 1753 possunt:

252 1767 367 1808 nobis
395 1780 486 1807 cum
515 1769 635 1807 semel
664 1766 808 1806 occidit
837 1765 966 1806 breuis
993 1766 1069 1814 lux,
1487 1780 1507 1813 ⁵

245 1880 281 1903 11
305 1870 391 1904 silua
405 1881 471 1904 om.
491 1870 531 1912 O,
552 1869 627 1903 add.
647 1870 681 1902 in
698 1879 805 1912 marg.
910 1868 1008 1910 cit(th
1025 1866 1163 1908 Oeorio
1178 1869 1206 1899 Ω
1219 1865 1279 1899 ud
1288 1867 1425 1899 eiteono
1441 1865 1508 1899 Oh’

203 1923 243 1955 ¹3
265 1913 385 1945 either-i
405 1913 468 1945 GO
480 1916 512 1947 et
525 1912 559 1944 R
575 1923 620 1945 m.
631 1915 682 1953 pr.
823 1921 862 1950 14
885 1911 1114 1952 cognitissima
1128 1909 1208 1942 ab’:
1229 1910 1469 1949 cognotissima
1480 1911 1508 1941 Ω

204 1967 242 1997 ¹⁷
267 1960 323 1987 tuo
341 1956 394 1988 0:
415 1961 490 1988 tuas
504 1958 568 1988 cett.
712 1955 752 1986 18
774 1954 844 1987 inte
859 1953 894 1985 R
1039 1963 1079 1993 19
1098 1952 1218 1984 herum
1233 1951 1330 1984 GOR
1465 1961 1509 1985 no

201 2009 324 2031 uocare
346 2008 425 2031 eura
446 1996 647 2033 ABCGoln
670 1994 804 2029 uocare‘
826 2007 886 2029 ura
907 1995 942 2028 R
964 2007 1010 2029 m.
1030 2001 1105 2038 pn:
1127 1993 1262 2027 uocare⁸
1283 2004 1365 2027 aura
1378 2003 1455 2028 corr.
1475 1993 1510 2026 R

200 2053 242 2074 22
264 2041 450 2075 litoralibus
474 2039 555 2072 GR:
578 2039 640 2073 litt.
660 2039 790 2071 OBAC
850 2039 914 2071 diis
929 2041 956 2070 Ω
971 2037 1030 2070 sed
1040 2048 1060 2070 e
1074 2038 1144 2071 iam
1161 2037 1372 2079 superscripta
1390 2037 1426 2069 in
1442 2036 1507 2069 ια’

201 2094 242 2123 23
264 2094 285 2117 a
307 2083 411 2118 marei
434 2083 593 2116 Lod-mx
622 2087 749 2114 amaret
771 2084 798 2113 Ω
814 2085 855 2123 et,
869 2084 907 2112 ue
926 2080 1061 2121 m'deeur,
1079 2081 1114 2113 R
1128 2083 1203 2112 ant«
1224 2090 1326 2121 quam
1347 2080 1385 2111 in
1404 2079 1509 2111 amari

202 2130 370 2159 mutatum
383 2128 474 2160 erat:
495 2134 607 2157 amare
622 2123 683 2156 ak'
777 2129 782 2133 '
805 2134 847 2164 24
870 2124 1054 2156 nouissimo
1068 2133 1111 2156 a:
1132 2122 1314 2155 nouissime
1328 2125 1367 2163 Ω,
1385 2119 1510 2154 Μυκη)

200 2179 243 2210 25
265 2170 328 2201 hoc
342 2167 634 2208 CGVmRm.pr.
833 2177 875 2207 27
898 2165 1072 2205 castor-D,
1087 2164 1261 2197 Dubmdae
1275 2169 1312 2206 p.
1331 2173 1397 2204 344
1411 2163 1508 2197 Kar:
1578 2176 1583 2183 ·

200 2213 376 2246 Castorum
402 2211 437 2244 R
447 2221 493 2245 m.
502 2216 556 2253 pr.
573 2210 607 2243 Β
628 2213 658 2242 et
679 2209 743 2241 La¹
759 2208 910 2241 nandum
926 2209 1068 2241 mutatiz
1096 2209 1251 2241 Casu-um
1272 2207 1316 2241 al.
1333 2206 1507 2240 Castorum

203 2253 519 2329 σῧεὲπῖεῃέβᾏι
546 2298 596 2328 Ως
632 2296 666 2328 in
691 2294 723 2328 Ο
743 2295 889 2336 span‘um
919 2295 1018 2327 unius
1041 2304 1156 2326 uersus
1177 2294 1245 2327 sine
1269 2291 1361 2327 malo
1485 2300 1509 2334 3

202 2340 391 2382 extime(ne
409 2338 529 2384 O)mus
544 2341 571 2371 Ω
700 2347 722 2380 5
745 2337 917 2370 nobiseum
933 2340 959 2368 n
