1682 2690
1065 125 1312 167 CARMEN
1342 123 1475 163 LXVI

91 296 93 298 Ι
195 247 399 285 frustratur
426 243 532 284 falsis
561 242 705 295 gaudia
734 242 958 290 lacrimulis,

141 311 311 351 ubertim
340 309 503 350 thalami
531 323 630 362 quas
659 308 760 348 intra
788 308 925 348 limina
953 308 1156 348 fundunt?

194 389 288 424 non,
319 375 373 414 ita
401 388 466 414 me
494 373 589 423 diui,
621 387 715 413 uera
741 381 918 425 gemunt,
949 372 1102 412 iuerint.

141 441 183 481 id
211 453 300 480 mea
329 453 392 479 me
421 438 555 479 multis
584 438 722 479 docuit
750 438 884 490 regina
912 437 1096 489 querellis

195 505 391 544 inuisente
419 517 528 544 nouo
556 503 706 555 proelia
734 510 847 543 torua
876 503 972 543 uiro.
1434 517 1478 540 20

141 577 180 610 et
209 578 251 609 tu
280 583 362 609 non
392 569 535 609 orbum
564 568 661 607 luxti
690 569 847 608 deserta
875 567 1017 616 cubile,

195 636 266 675 sed
295 634 420 674 fratris
449 633 528 674 cari
558 633 690 674 flebile
719 633 963 674 discidium?

140 713 233 739 cum
262 699 419 751 penitus
449 706 618 739 maestas
648 698 779 739 exedit
807 712 902 739 cura
930 699 1148 738 medullas!

194 773 237 806 ut
266 765 338 805 tibi
367 772 463 805 tunc
491 772 577 804 toto
606 772 766 816 pectore
795 764 987 804 sollicitae

140 830 321 871 sensibus
350 829 492 882 ereptis
522 843 634 869 mens
664 829 833 869 excidit!
871 837 911 869 at
940 836 978 869 te
1007 843 1081 881 ego
1110 836 1215 869 certe
1436 841 1475 874 25

193 910 407 948 cognoram
436 910 460 936 a
487 910 609 948 parua
637 896 788 948 uirgine
818 896 1121 948 magnanimam.

139 975 244 1002 anne
272 962 424 1002 bonum
454 961 578 1001 oblita
606 975 648 1001 es
677 961 841 1010 facinus,
872 974 954 1012 quo
983 961 1133 1012 regium
1161 961 1307 1012 adepta
1334 972 1377 999 es

193 1026 434 1078 coniugium,
465 1028 575 1078 quod
604 1040 686 1067 non
715 1026 852 1066 fortior
879 1026 982 1066 ausit
1010 1025 1111 1065 alis?

141 1093 212 1133 sed
240 1100 325 1132 tum
354 1099 504 1132 maesta
532 1092 661 1131 uirum
691 1091 851 1131 mittens
881 1104 983 1142 quae
1012 1091 1135 1130 uerba
1162 1091 1295 1130 locuta
1324 1092 1390 1130 es!

195 1157 384 1210 Iuppiter,
415 1164 460 1197 ut
487 1156 586 1197 tristi
615 1156 766 1196 lumina
794 1170 913 1208 saepe
942 1158 1087 1196 manu!
1433 1171 1477 1203 30

140 1223 228 1275 quis
257 1230 296 1263 te
325 1223 494 1263 mutauit
522 1229 655 1263 tantus
684 1224 813 1263 deus?
849 1235 901 1262 an
930 1223 1040 1273 quod
1068 1228 1247 1261 amantes

194 1302 276 1328 non
305 1289 423 1340 longe
450 1301 475 1328 a
503 1301 595 1329 caro
623 1301 788 1340 corpore
815 1288 956 1328 abesse
984 1289 1154 1327 uolunt?

188 1394 228 1424 16
250 1393 433 1425 frustratur
447 1392 515 1425 cod.
534 1402 624 1424 unus
637 1391 749 1435 (Bodl.
768 1390 860 1424 Mt’sc.
884 1391 962 1433 186)
979 1390 1165 1423 Hieremiae
1186 1389 1307 1422 Iudicas
1328 1390 1367 1422 de
1380 1390 1476 1422 Mon·

140 1440 291 1478 tagnone,
306 1436 393 1468 unde
400 1437 515 1478 scripsi
527 1436 630 1477 idque
641 1440 820 1476 parentum
837 1435 1021 1467 frustratur
1087 1434 1187 1466 salsis
1196 1435 1302 1475 quse
1354 1433 1476 1465 Emen-

139 1479 266 1512 darunt
280 1491 324 1511 an
337 1481 427 1520 quod
439 1484 601 1511 auentum
615 1479 751 1519 Munro,
769 1490 812 1511 an
829 1479 922 1519 quod
937 1482 1108 1510 amantum
1127 1477 1240 1518 Owen,
1255 1483 1359 1518 atque
1376 1478 1477 1509 mari-

141 1527 212 1555 tum
228 1523 389 1564 Schmidt,
408 1523 574 1566 Postgate,
593 1523 736 1555 Palmer
850 1533 888 1563 17
913 1522 1028 1554 limina
1044 1522 1101 1554 Da
1117 1520 1257 1554 Lachm.
1276 1533 1284 1553 z
1308 1522 1433 1553 lumina
1449 1524 1476 1552 Ω

143 1567 183 1598 18
207 1567 275 1598 diui
292 1566 396 1598 Dah:
420 1567 478 1599 diu
495 1570 522 1599 Ω
613 1567 737 1598 iuerint
759 1566 806 1599 ed.
826 1566 1059 1608 antiquissima
1081 1576 1161 1597 saec.
1184 1576 1250 1597 xv:
1283 1565 1430 1597 iuuerint
1448 1568 1476 1597 Ω

141 1610 366 1685 ἓΒἙὲῖῗΗίδ
391 1610 474 1687 “¹22²
497 1611 667 1686 3235&
680 1609 711 1673 -G
712 1609 874 1685 {²15}ssOE
1000 1609 1173 1695 ²33⁶‹ssussj
1195 1608 1423 1684 Ἓᾶἷῗέᾝι
1441 1613 1478 1671 ⁸?

139 1701 211 1728 tum
233 1696 372 1730 Lachm.
553 1708 594 1738 24
618 1697 720 1729 ut.ibi
739 1697 769 1729 G
858 1702 936 1729 tunc
955 1695 1017 1728 OC
1029 1697 1135 1728 Laur.
1153 1663 1288 1736 33512:
1320 1706 1408 1728 nunc
1420 1662 1474 1728 egl.

139 1745 219 1772 tunc
245 1741 373 1773 GRVen
462 1740 655 1783 sol(l)icitet
678 1744 706 1772 Ω
835 1750 877 1780 25
901 1744 936 1772 at
959 1744 994 1771 te
1019 1750 1084 1780 ego
1109 1739 1155 1771 ed.
1187 1739 1315 1772 Trina:
1347 1744 1382 1771 at
1412 1750 1476 1779 ego

142 1783 240 1816 GOR
248 1784 452 1817 VbnACDa:
475 1790 578 1826 atque
594 1795 659 1825 ego
675 1783 797 1816 BLa¹h
931 1784 975 1815 26
998 1784 1246 1824 magnanimam
1261 1783 1338 1814 Da:
1363 1794 1433 1815 -ma
1447 1786 1475 1814 Ω

141 1827 270 1867 Hygin.
291 1828 330 1860 P.
347 1828 393 1860 A.
413 1828 448 1861 ii.
466 1839 508 1868 24
531 1828 602 1860 Alii
627 1828 743 1860 dicunt
766 1828 831 1860 hoc
854 1827 1012 1868 amplius,
1034 1826 1266 1859 Ptolemaeum
1289 1826 1477 1859 Beronices

138 1875 270 1911 patrem
286 1871 501 1904 multitudine
518 1871 668 1904 hostium
692 1871 923 1912 perterritum,
943 1871 1023 1911 suga
1037 1870 1180 1903 salutem
1201 1871 1352 1911 petiisse,
1373 1871 1475 1902 filiam

139 1919 252 1946 autem
285 1925 388 1956 saepe
416 1920 611 1947 consuetam
644 1915 806 1947 insiliisse
834 1915 868 1946 in
896 1925 1021 1955 equum
1048 1919 1083 1946 et
1113 1914 1279 1955 reliquam
1305 1915 1477 1946 exercitus

139 1958 271 1998 copiam
285 1959 505 1991 constituisse
522 1964 557 1991 et
573 1960 766 2000 complures
782 1959 932 1990 hostium
950 1958 1163 1990 interfecisse
1178 1969 1186 1990 τ
1209 1968 1271 1999 pro
1287 1968 1355 1998 quo
1372 1957 1473 1990 etiam

139 2001 366 2034 Callimachus
379 2013 454 2035 eam
466 2003 718 2042 magnanimam
730 2002 817 2034 dixit
906 2012 948 2042 27
961 2006 1041 2033 atne
1054 2002 1154 2033 Βίαι
1221 2012 1289 2042 quo
1302 2002 1455 2034 Muretus
1468 2012 1478 2033 ε

138 2055 237 2084 quam
259 2048 307 2077 n:
342 2056 444 2087 quom
468 2046 620 2079 Faernus
706 2047 831 2087 adepta
859 2055 897 2078 es
925 2045 1064 2078 Lachm.
1095 2045 1142 2078 ed.
1174 2057 1215 2078 1:
1248 2046 1394 2086 adeptos
1422 2044 1476 2076 O:

137 2089 284 2128 adeptus
299 2091 348 2120 n:
370 2090 528 2131 adepta’s
551 2089 693 2122 Lachm.
708 2089 755 2122 ed.
774 2099 795 2121 2
927 2090 971 2120 28
993 2089 1085 2130 quod
1111 2100 1180 2122 non
1205 2089 1324 2121 sortior
1349 2093 1407 2121 aut
1431 2088 1477 2120 sit

139 2132 203 2164 alis
215 2135 265 2164 n:
287 2141 356 2172 quo
370 2132 450 2164 Dah
467 2132 619 2165 Muretus
677 2133 797 2166 fortius
816 2131 969 2165 Muretus
1027 2134 1115 2165 ausit
1130 2133 1170 2166 P.
1189 2133 1308 2170 Nicetii
1320 2132 1478 2164 Lucensis

138 2175 288 2216 aequalis
316 2175 483 2218 Politiani,
513 2177 603 2218 quod
631 2177 716 2208 mihi
747 2176 987 2209 demonstrauit
1016 2177 1189 2217 Bywater:
1226 2177 1311 2209 assit
1343 2176 1479 2209 uidetur

138 2218 250 2260 legisse
262 2219 401 2260 scriptor
408 2220 442 2252 A
446 2221 550 2252 chillis
561 2220 748 2262 tragoediae
757 2221 792 2252 in
803 2220 964 2262 sapphicis
972 2225 1008 2262 p.
1024 2229 1068 2261 30
1078 2220 1127 2253 ed.
1138 2221 1366 2263 Pignorianae
1376 2220 1420 2252 M
1418 2231 1476 2252 us·

137 2262 205 2294 sati
217 2267 356 2304 operum
373 2263 482 2296 Nemo
499 2268 567 2296 tam
582 2264 679 2297 fortis
695 2261 881 2296 ualet'esse
898 2274 966 2304 quo
985 2274 1052 2296 non
1069 2264 1191 2297 sortior
1205 2265 1290 2297 assit
1428 2274 1471 2305 31

139 2309 270 2338 tantum
286 2316 318 2346 a,
333 2306 498 2339 Schrader
624 2318 667 2348 32
690 2308 814 2340 adesse
833 2306 882 2339 G:
908 2318 993 2339 num
1009 2308 1142 2342 abisse?
1167 2308 1346 2340 adnotator
1365 2307 1478 2341 Seruii

137 2348 313 2382 Bodleiam'
321 2361 401 2383 saec.
425 2362 475 2386 xv-
491 2350 540 2383 ad
550 2349 637 2385 Aen.
662 2351 707 2382 ix.
728 2361 791 2392 427
810 2350 995 2391 Segregari
1016 2361 1038 2383 a
1061 2363 1115 2384 me
1131 2352 1240 2385 noluit
1255 2353 1335 2384 dum
1352 2351 1473 2393 abipso

137 2392 276 2427 abirem.
322 2393 423 2428 Vnde
441 2399 494 2427 est
513 2394 595 2427 illud
610 2394 744 2427 Catulli.
791 2394 956 2432 Amantes
976 2405 1045 2427 non
1066 2396 1168 2436 longe
1191 2407 1212 2428 a
1230 2407 1308 2433 caro
1329 2405 1473 2436 corpore

137 2437 182 2469 ab
195 2446 273 2470 esse
289 2437 410 2471 uolunt
426 2438 479 2481 (F.
498 2436 646 2480 Madau)
1258 2440 1266 2443 ”

1343 2483 1385 2516 3*
