1592 2664
1115 116 1359 158 CARMEN
1389 114 1490 154 XIV

215 249 296 276 non
324 248 406 275 non
434 235 512 274 hoc
540 233 624 282 tibi,
655 234 766 280 salse,
797 231 853 271 sic
880 229 1016 271 abibit.

166 342 169 344 ,
215 313 320 349 nam,
351 299 384 340 si
412 299 564 348 luxerit,
594 299 647 339 ad
674 297 920 338 librariorum

217 379 370 406 curram
400 364 552 413 scrinia,
584 363 758 411 Caesios,
788 361 983 414 Aquinos‚

217 432 434 479 Suffenum,
466 429 602 469 omnia
629 428 811 480 colligam
840 439 1006 474 uenena,

216 510 263 537 ac
292 504 331 536 te
358 495 420 535 his
448 493 650 546 suppliciis
678 493 969 533 remunerabor.
1453 503 1493 526 20

217 574 290 602 uos
318 560 411 600 hinc
439 559 588 599 interea
616 559 744 598 ualete
772 557 880 597 abite

218 626 320 673 illuc,
351 626 459 666 unde
487 626 636 664 malum
662 624 809 676 pedem
836 621 1031 669 attulistis,

219 690 337 730 saecli
365 689 631 738 incommoda,
662 686 823 740 pessimi
851 693 1004 739 poetae.

699 841 802 880 XIV
813 838 836 868 b

220 941 263 981 S1
292 939 361 991 qui
388 940 488 978 forte
515 950 691 978 mearum
719 937 955 988 ineptiarum

219 1007 385 1045 lectores
414 1003 518 1043 eritis
547 1015 768 1053 manusque
795 1009 946 1041 uestras

221 1083 303 1111 non
331 1069 539 1111 horrebitis
566 1070 782 1110 admouere
810 1067 938 1116 nobis,

329 1149 349 1171 *
513 1147 534 1169 *
698 1147 718 1169 *

704 1288 783 1326 XV

225 1386 476 1428 COMMENDO
503 1384 574 1425 tibi
604 1398 668 1424 me
694 1397 742 1424 ac
770 1397 882 1423 meos
909 1396 1074 1433 amores,

223 1450 369 1492 Aureli.
426 1450 584 1491 ueniam
612 1456 706 1501 peto
734 1450 964 1500 pudentem,

223 1522 278 1563 ut,
307 1515 341 1554 si
368 1514 581 1566 quicquam
608 1513 743 1553 animo
770 1521 842 1552 tuo
869 1512 1023 1564 cupisti,

224 1580 334 1631 quod
362 1586 513 1618 eastum
542 1585 742 1629 expeteres
771 1584 810 1616 et
838 1576 1078 1627 integellum,

224 1656 434 1683 conserues
462 1655 629 1693 puerum
656 1641 754 1680 mihi
781 1641 939 1692 pudice,
1478 1655 1496 1687 5

222 1720 305 1747 non
332 1707 425 1748 dico
452 1720 476 1746 a
503 1708 676 1759 populo:
714 1705 812 1744 nihil
840 1718 1022 1746 ueremur

222 1771 332 1820 istos,
360 1771 429 1822 qui
456 1771 497 1811 in
526 1772 657 1822 platea
684 1771 807 1810 modo
836 1771 914 1809 huc
943 1770 1066 1810 modo
1094 1768 1187 1809 illuc

223 1836 265 1876 in
292 1850 334 1876 re
362 1843 610 1887 praetereunt
639 1847 710 1875 sua
737 1834 945 1885 occupati:

224 1914 362 1940 uerum
389 1914 414 1941 a
441 1908 481 1941 te
508 1908 645 1941 metuo
672 1907 823 1951 tuoque
851 1912 954 1950 pene

219 2005 260 2037 16
279 2004 344 2037 hoc
364 2003 459 2037 Dm:
494 2005 557 2036 hec
577 2008 603 2036 Ω
743 2004 831 2036 salse
855 2004 898 2035 al.
927 2002 1011 2034 false
1038 2003 1081 2034 sit
1106 2001 1176 2044 (uel
1199 2002 1254 2043 fit)
1277 2002 1407 2035 adhibit
1433 2004 1502 2044 (uel

171 2048 314 2089 adbibit)
332 2051 359 2079 Ω
451 2058 489 2089 17
513 2048 632 2080 luserit
645 2047 820 2089 (suprascr.
835 2047 877 2079 al.
891 2047 927 2086 x)
943 2046 973 2078 G
1062 2047 1104 2077 18
1127 2056 1240 2077 curam
1254 2046 1302 2077 0:
1325 2051 1454 2079 curtam
1471 2051 1498 2079 Ω

171 2091 306 2123 scrinea
322 2090 428 2123 RVen
561 2102 602 2131 19
625 2091 799 2123 Suffenam
815 2094 862 2123 ss:
887 2090 1053 2122 Sufferam
1069 2089 1143 2120 AD
1159 2100 1266 2130 marg.
1285 2089 1322 2120 11²
1457 2101 1500 2122 20

171 2134 236 2166 hac
262 2133 461 2167 GORVenlt²
552 2135 612 2167 tibi
634 2135 701 2167 hiis
727 2135 866 2175 supplit’
894 2134 926 2166 Ο
1012 2133 1259 2165 remunerabor
1283 2132 1327 2174 R,
1353 2133 1502 2175 idemque

172 2177 291 2210 iterum
306 2178 341 2209 in
358 2187 465 2219 marg.
597 2187 641 2218 23
663 2178 769 2210 seculi
785 2181 813 2209 Ω

214 2218 316 2252 ΧΙΨ
349 2219 404 2253 Hi
414 2230 529 2254 uersus
541 2231 618 2253 cum
634 2219 905 2260 caminisXIV
915 2231 1013 2253 uersu
1035 2220 1155 2251 ultimo
1174 2220 1338 2252 coniuncti
1348 2220 1504 2262 leguntur

171 2264 208 2298 in
222 2263 398 2296 codicibus:
420 2264 562 2296 seuam?
573 2263 674 2306 Bapt.
695 2263 864 2296 Guarinus
996 2274 1017 2303 3
1040 2273 1236 2295 ammonere
1254 2263 1287 2296 Ο

182 2340 186 2343 Α
215 2306 283 2340 XV
304 2317 545 2340 ΑυΑνιιι-ιιινιι
558 2310 607 2340 n:
630 2308 778 2349 spatium
794 2307 895 2339 unius
909 2317 1024 2340 uersus
1034 2307 1069 2338 in
1086 2306 1118 2338 Ο
1132 2307 1225 2338 titulo
1235 2316 1349 2340 carens
1480 2318 1501 2339 2

174 2351 383 2426 ’pudentemb
390 2350 470 2393 pcto
482 2350 513 2384 G
526 2363 534 2383 :
556 2352 739 2392 pudentem
756 2355 856 2392 pecto
867 2350 902 2382 11²
1023 2352 1044 2382 8
1067 2351 1142 2382 inre
1156 2361 1196 2383 ex
1211 2351 1283 2384 inte
1300 2350 1331 2383 G
1347 2362 1355 2383 ε
1378 2351 1450 2383 inte
1465 2351 1502 2382 11²

174 2402 331 2434 occupari
