1592 2664
1098 129 1341 172 CARMEN
1370 131 1408 169 V

132 260 211 286 nox
239 253 298 286 est
326 253 516 298 perpetua
543 258 623 285 una
651 243 897 285 dormienda.

132 313 185 353 da
212 311 267 351 mi
295 311 405 352 basia
433 311 549 359 mille,
581 311 726 351 deinde
755 317 928 358 eentum,

132 377 226 417 dein
255 377 361 417 mille
389 378 520 425 altera,
551 376 645 416 dein
674 376 850 415 secunda
877 381 1050 422 centum,

134 441 280 482 deinde
309 456 434 493 usque
462 443 583 481 altera
612 441 729 489 mille,
760 439 908 480 deinde
936 446 1108 479 centum.

134 506 239 554 dein,
269 520 360 546 cum
391 506 498 546 milia
526 507 650 545 multa
677 503 897 553 fecerimus,
1371 516 1412 539 10

134 572 459 612 conturbabimus
488 572 563 620 illa,
595 585 646 611 ne
675 570 857 619 sciamus,

133 645 202 677 aut
230 651 280 677 ne
309 637 397 688 quis
427 637 552 676 malus
580 635 759 676 inuidere
786 634 921 687 possit,

134 715 226 742 cum
255 709 407 741 tantum
438 701 535 741 sciat
563 715 650 741 esse
678 699 890 740 basiorum.

563 813 623 851 VI

138 895 278 943 FLAvl,
310 894 470 934 delicias
499 901 586 933 tuas
616 894 785 941 Catullo,

135 958 200 998 nei
229 958 307 998 sint
335 958 517 1010 illepidae
545 965 664 1009 atque
693 957 945 1008 inelegantes‚

137 1025 257 1064 uelles
286 1023 428 1072 dicere,
459 1037 534 1063 nec
563 1030 692 1063 tacere
722 1036 870 1074 posses.

137 1102 275 1128 uerum
304 1088 439 1128 nescio
467 1086 564 1139 quid
592 1086 818 1127 febriculosi

138 1152 255 1193 scorti
284 1152 434 1204 diligis:
472 1154 549 1192 hoc
577 1153 701 1204 pudet
729 1151 851 1191 fateri.
1392 1166 1411 1198 5

138 1231 231 1258 nam
260 1226 298 1258 te
327 1231 408 1258 non
437 1218 577 1258 uiduas
607 1217 733 1256 iacere
762 1223 900 1256 noctes

138 1282 380 1334 nequiquam
409 1282 572 1322 tacitum
601 1281 731 1321 cubile
760 1282 904 1321 clamat

139 1348 338 1399 Sertisque
364 1361 411 1387 ac
440 1347 551 1398 Syrio
578 1349 746 1398 fraglans
774 1347 894 1394 oliuo,

138 1410 404 1464 puluinusque
432 1426 628 1465 peraeque
657 1419 696 1452 et
725 1411 789 1452 hic
818 1419 858 1452 et
885 1411 951 1451 ille

137 1476 300 1526 attritus,
332 1477 566 1529 tremulique
594 1490 737 1529 quassa
765 1477 856 1516 lecti
1373 1492 1414 1515 10

137 1542 330 1594 argutatio
358 1542 707 1595 inambulatioque.

140 1620 232 1647 nam
261 1607 316 1647 nil
345 1622 465 1660 uerpa
492 1609 607 1656 ualet,
640 1608 737 1647 nihil
766 1616 905 1648 tacere.

127 1711 150 1743 8
172 1711 294 1743 deinde
313 1711 404 1755 mim}
426 1712 533 1744 altera
548 1712 635 1755 daslsl
659 1713 807 1744 secunda
830 1717 964 1744 centum
991 1711 1029 1751 G,
1052 1715 1083 1744 et
1101 1712 1148 1743 sic
1167 1711 1215 1752 R,
1238 1711 1307 1743 nisi
1323 1711 1418 1752 quod

85 1755 128 1787 da
139 1758 216 1815 post
241 1755 384 1787 inlatum
406 1755 556 1788 uidetur:
579 1757 702 1788 deinde
724 1756 815 1787 mille
835 1756 941 1787 altera
961 1756 1083 1787 deinde
1107 1755 1255 1787 secunda
1279 1759 1412 1787 centum

87 1798 140 1831 Oh
292 1809 332 1832 10
354 1800 477 1831 deinde
503 1802 531 1831 Ω
678 1810 711 1830 11
737 1800 1012 1831 conturbauimus
1041 1803 1069 1830 Ω
1172 1799 1361 1831 nesciamus
1385 1803 1412 1831 Ω

88 1852 128 1883 13
149 1846 277 1874 tantum
304 1853 383 1875 corr.
406 1842 451 1881 R,
477 1854 554 1875 corr.
587 1843 675 1875 La¹z
714 1848 827 1874 tantus
853 1842 1026 1882 CGOVen,
1053 1843 1088 1875 R
1113 1846 1144 1875 et
1165 1841 1234 1875 La¹
1259 1842 1412 1874 nondum

86 1886 212 1918 mutati
308 1886 395 1918 sciet
409 1886 580 1919 Buecheler
591 1896 631 1918 ex
643 1886 758 1927 Priap.
781 1887 827 1918 lii.
850 1897 889 1917 12

127 1928 174 1961 VI
192 1940 269 1961 cum
290 1929 323 1960 V
327 1930 542 1962 continuatur
553 1930 587 1961 in
602 1930 652 1961 O:
676 1941 724 1962 An
737 1940 890 1962 FLAVWM
907 1935 971 1963 cett.
1074 1940 1094 1961 2
1118 1929 1173 1962 nei
1189 1929 1391 1962 Lachmann
1406 1943 1413 1962 :

86 1982 131 2005 ne
147 1975 175 2004 Ω
312 1982 334 2013 3
357 1973 443 2004 uelis
459 1978 491 2005 et
509 1974 620 2014 possis
642 1974 802 2005 Heinsius
948 1984 968 2014 5
991 1974 1044 2006 hic
1068 1974 1099 2006 Ο
1253 1985 1271 2014 7
1295 1975 1411 2015 nequi-

85 2026 185 2056 quam
209 2015 352 2057 Haupt:
391 2017 612 2058 nequicquam
641 2018 742 2049 GVen
763 2022 794 2049 et
811 2018 857 2057 R,
881 2018 939 2049 sed
958 2018 995 2049 lu·
1017 2017 1084 2049 duo
1106 2017 1232 2049 diuise:
1266 2029 1309 2049 ne
1332 2018 1412 2058 quid

541 2062 547 2067 .
736 2073 743 2080 ·
860 2062 866 2068 .
1007 2062 1013 2068 .
1037 2062 1042 2068 .
1261 2062 1268 2068 .
1402 2061 1412 2080 ι

84 2059 647 2144 griffina-..ifffgssiuz
664 2061 944 2146 ss?.÷..ssf¹i;;‡.3
958 2073 1038 2137 <3¹0⁵
1062 2060 1412 2147 αἰδῇ,

85 2146 230 2187 flagrans
255 2146 544 2180 GORVenBLa12
575 2149 728 2188 fragrans
750 2149 785 2179 D
807 2153 837 2181 et
857 2149 962 2181 Laur.
987 2160 1042 2189 33.
1066 2159 1103 2180 12
1227 2160 1250 2190 9
1273 2154 1308 2181 et
1328 2150 1411 2182 haec

85 2193 121 2221 et
146 2189 206 2222 illo
229 2189 282 2222 0:
319 2195 353 2222 et
377 2191 438 2222 hec
469 2190 646 2233 (suprascr.
674 2192 744 2233 hic)
770 2197 805 2224 et
829 2193 886 2224 illo
909 2193 1087 2234 (suprascr.
1113 2193 1155 2224 al.
1180 2192 1251 2235 ine>
1279 2193 1414 2226 GRVen

87 2232 301 2265 Correxemnt
320 2238 355 2265 et
373 2234 428 2266 hic
450 2239 485 2266 et
508 2235 574 2266 illic
595 2236 687 2277 (illi),
709 2240 744 2267 et
761 2235 836 2267 heic
851 2242 886 2268 et
906 2236 975 2268 illei
1034 2237 1122 2269 Fort.
1140 2241 1174 2267 et
1189 2237 1253 2268 hoc
1271 2237 1410 2279 (=hue)

85 2279 120 2308 et
138 2276 196 2308 ino
352 2287 392 2309 10
421 2288 518 2310 cassa
541 2277 587 2318 D,
612 2279 795 2311 Froelmer:
831 2290 908 2311 casa
931 2291 953 2311 a
984 2280 1047 2322 (m.
1062 2281 1135 2322 pr.)
1294 2290 1333 2312 12
1363 2280 1413 2312 nil

85 2329 190 2361 uerpa
219 2319 309 2353 ualet
338 2322 472 2363 scripsi:
510 2321 611 2354 inista
635 2323 788 2363 preualet
821 2324 875 2356 O:
913 2324 949 2355 ni
980 2325 1044 2356 ista
1070 2323 1223 2365 preualet
1254 2324 1414 2357 GRVen:

85 2363 131 2395 mi
155 2368 274 2406 stupra
303 2365 393 2397 ualet
426 2365 483 2398 m‘r
503 2365 614 2397 doctus
635 2367 670 2398 in
699 2366 836 2408 Ephem.
870 2366 975 2400 Class.
1002 2369 1096 2401 xxiv,
1126 2379 1160 2410 p.
1184 2379 1246 2400 211
1281 2367 1414 2411 (stupra
