1592 2664
200 126 441 166 CATVLLI

305 234 434 274 iocum
464 248 527 274 me
555 242 666 286 putat
692 248 777 274 esse
806 237 972 275 moecha
999 235 1132 287 turpis,

284 305 341 336 -et
369 305 484 348 negat
512 298 607 337 mihi
636 306 764 338 uestra
791 298 1030 338 reddituram

302 360 514 411 pugillaria,
543 361 574 400 si
602 361 682 412 pati
710 361 883 412 potestis.
1484 380 1506 413 5

302 436 580 474 persequamur
607 437 704 471 eam,
736 432 775 463 et
802 425 1073 475 reflagitemus.

301 500 402 536 quae
430 487 491 536 sit,
519 487 712 538 quaeritis.
770 487 845 536 illa,
875 479 994 539 quani
1022 488 1164 529 uidetis

303 557 414 600 turpe
441 550 632 597 incedere,
665 551 821 590 mimice
847 564 895 590 ac
923 553 1087 591 moleste

302 613 493 653 ridentem
521 614 638 653 catuli
667 627 733 654 ore
762 614 963 654 Gallicani.

300 677 570 717 circumsistite
598 691 696 726 eam,
727 686 765 718 et
793 679 1014 730 reflagitate‚
1467 697 1506 720 ιο

301 742 490 780 ‘moecha
517 741 665 792 putida,
695 743 816 782 redde
844 742 1058 790 codicillos,

300 806 434 853 redde,
461 805 599 855 putida
626 807 802 853 moecha,
832 805 1059 845 codicillos.'

300 881 380 908 non
408 868 504 907 assis
533 868 656 907 facis?
710 882 736 908 o
763 871 903 918 lutum,
931 871 1103 920 lupanar,

298 939 366 970 aut
393 931 425 971 si
453 932 640 982 perditius
668 939 780 983 potes
808 932 904 983 quid
932 945 1027 972 esse.

299 996 369 1035 sed
397 1009 477 1035 non
505 1003 564 1035 est
592 1003 723 1035 tamen
751 998 827 1035 hoc
855 996 947 1035 satis
974 997 1204 1047 putandum.
1464 1012 1501 1045 ¹⁵

298 1061 407 1110 quod
435 1059 468 1098 si
495 1073 575 1099 non
603 1059 710 1100 aliud
738 1068 878 1111 potest,
908 1061 1090 1100 ruborem

299 1123 422 1162 ferreo
449 1122 557 1163 canis
585 1123 845 1174 exprimamus
873 1137 950 1164 ore.

297 1188 540 1226 conclamate
568 1186 707 1227 iterum
734 1187 871 1227 altiore
898 1200 998 1227 uoce

301 1252 488 1290 ‘moecha
515 1250 661 1302 putida,
692 1252 813 1291 redde
841 1251 1058 1300 codicillos,

297 1314 428 1361 redde,
459 1313 597 1365 putida
624 1315 791 1354 moecha
818 1314 1045 1361 codicillos:
1461 1331 1504 1355 οι)

298 1378 368 1417 sed
396 1377 451 1416 nil
478 1377 718 1428 proficimus,
743 1377 841 1417 nihil
869 1385 1060 1418 mouetur.
1336 1379 1340 1381 ’

297 1442 486 1480 mutanda
513 1448 571 1480 est
599 1441 696 1480 ratio
724 1443 945 1493 modusque
973 1441 1102 1490 uobis,

297 1503 426 1555 siquid
454 1506 642 1555 proficere
667 1505 835 1556 amplius
862 1505 1037 1556 potestis,

300 1571 310 1589 ‘
324 1567 468 1619 pudica
494 1575 533 1607 et
560 1569 693 1619 proba,
724 1570 845 1608 redde
872 1568 1099 1609 oodicillos!

233 1679 254 1709 3
276 1669 385 1700 locum
416 1669 458 1700 al.
490 1669 597 1701 iocum
630 1668 813 1701 GBRVen:
844 1667 954 1701 locum
980 1666 1077 1701 oLa¹
1268 1680 1288 1709 4
1311 1674 1426 1702 uestra
1449 1673 1497 1701 n:

192 1716 306 1743 nostra
328 1711 373 1743 ed.
406 1711 509 1743 Trinc.
534 1711 680 1742 Auantii
808 1722 829 1752 5
857 1712 983 1744 Chan's.
1005 1722 1059 1753 97.
1086 1722 1125 1744 12
1147 1711 1224 1744 Keil
1246 1715 1254 1729 ‘
1268 1711 1363 1744 Haec
1390 1713 1498 1753 pugil-

190 1755 271 1786 laria
300 1754 434 1794 saepius
464 1754 661 1786 neutraliter
692 1755 774 1786 dicit
803 1755 888 1787 idem
926 1755 1079 1787 Catullus
1115 1756 1149 1786 in
1182 1755 1496 1795 hendecasyllabis!

191 1807 209 1836 7
233 1797 288 1829 ina
306 1796 411 1828 OBah
438 1797 675 1829 Laurentiam‘:
709 1797 800 1830 illam
832 1796 962 1830 GACD
975 1801 1006 1829 et
1026 1797 1060 1829 R
1080 1808 1128 1829 m.
1142 1802 1217 1839 pn:
1253 1798 1342 1830 illam
1375 1798 1418 1830 al.
1443 1797 1499 1829 ina

193 1839 257 1871 Ven
381 1841 402 1870 8
424 1840 555 1871 mimice
581 1840 771 1872 Tumbus:
809 1841 958 1872 mirmice
996 1840 1145 1872 mir-inice
1178 1839 1223 1881 O)
1254 1843 1281 1871 Ω
1298 1851 1306 1871 :
1344 1841 1498 1873 mimicae

190 1882 273 1914 Phil.
292 1882 434 1921 (=Bod.
452 1881 527 1914 Lat.
548 1882 648 1915 class.
666 1893 691 1915 e.
712 1883 766 1923 17)
828 1883 913 1915 Post
929 1841 1070 1914 moieste
1085 1883 1258 1924 distinguit
1273 1882 1345 1914 Gin·
1476 1894 1499 1923 9

189 1925 301 1956 catulli
318 1928 345 1956 Ω
478 1935 515 1956 12
537 1936 604 1957 om.
620 1925 677 1957 Dh
697 1929 726 1957 et
744 1926 788 1965 R,
810 1925 869 1957 sed
882 1926 917 1956 in
931 1924 967 1956 R
981 1929 1091 1967 postea
1110 1926 1157 1957 sic
1172 1925 1306 1957 additus
1324 1929 1371 1957 es!
1389 1925 1503 1957 umus·

194 1978 206 1998 1
216 1978 228 1998 1
256 1971 293 1998 ut
314 1977 420 1999 unam
436 1968 558 1999 lineam
573 1968 671 1999 ambo
685 1969 908 2000 continuam!
1078 1977 1118 2008 13
1141 1968 1221 2000 facit
1235 1968 1395 2008 Schmidt,
1411 1967 1497 1999 Hat-

188 2011 329 2040 bertsma
441 2021 478 2050 14
502 2015 601 2050 potes
618 2010 794 2049 GORVm,
809 2009 911 2042 Laur.
928 2019 982 2050 33.
1002 2020 1051 2046 12.
1067 2010 1135 2042 cod.
1153 2010 1369 2050 Ashbumen',
1385 2014 1498 2052 potest

189 2051 341 2084 La¹CDa
358 2056 387 2084 et
395 2053 538 2094 plerique
654 2063 694 2093 15
717 2057 829 2085 tamen
848 2053 912 2085 hoc
931 2053 1012 2085 satis
1033 2052 1173 2085 GODh:
1200 2058 1312 2085 tamen
1332 2053 1415 2085 satis
1433 2052 1497 2086 hoc

190 2095 288 2135 (haec
307 2095 369 2136 Ca)
392 2094 668 2127 RVmBLaeCa:
698 2097 781 2127 satis
803 2101 915 2127 tamen
939 2096 1002 2127 hoe
1017 2095 1051 2126 A
1209 2097 1249 2127 16
1271 2101 1361 2137 pote,
1386 2100 1423 2127 ut
1445 2094 1501 2126 uel

189 2142 307 2177 potest,
322 2138 476 2175 ruborem
490 2138 612 2169 Ferreo
625 2142 662 2169 ut
673 2139 766 2170 canis
781 2149 812 2170 e.
825 2147 856 2169 o.
871 2137 996 2169 Munm
1009 2149 1017 2169 ε
1041 2144 1120 2179 pote
1136 2142 1173 2170 ut
1183 2138 1254 2169 iam
1267 2138 1347 2170 mni.
1357 2135 1501 2170 Pleitner

191 2190 228 2219 17
252 2180 385 2222 serr-elo!
404 2180 490 2213 GR:
512 2181 599 2212 serre
617 2191 638 2212 o
655 2179 873 2212 OBLa¹ACa
980 2190 1087 2219 21-24
1109 2191 1176 2212 om.
1195 2190 1217 2212 a
1324 2190 1365 2212 οι
1390 2178 1494 2212 nichil

189 2223 392 2262 proficimus,
404 2223 453 2254 nil
541 2228 695 2255 mouetur
706 2222 778 2263 GD,
791 2221 850 2255 sed
860 2223 912 2255 hic
923 2222 993 2255 sine
1000 2224 1125 2265 spatio:
1149 2221 1233 2255 nihil
1248 2232 1298 2263 pr.
1311 2221 1395 2255 nihil
1409 2231 1453 2254 m.
1467 2223 1496 2254 Ω

188 2274 229 2296 22
252 2265 348 2297 uobis
364 2276 471 2307 marg.
483 2271 529 2308 p:
553 2265 654 2298 nobis
666 2267 695 2297 Ω
