1650 2684
1078 99 1322 140 CARMEN
1352 99 1472 139 LXII

143 225 216 252 nos
242 210 321 251 alio
349 218 514 259 mentes,
544 210 622 250 alio
650 209 858 251 diuisimus
886 223 1011 259 aures,
1432 226 1468 258 15

142 277 224 316 iure
252 275 367 328 igitur
395 276 614 325 uineemur,
642 283 749 316 amat
777 275 943 315 uictoria
971 288 1116 315 euram.

141 355 261 394 quare
288 354 396 380 nunc
423 340 578 380 animos
607 342 745 380 saltem
774 340 1010 380 committite
1038 347 1202 388 uestros,

140 406 270 446 dicere
298 406 377 445 iam
406 405 607 456 incipient,
638 405 716 444 iam
745 406 985 456 respondere
1013 404 1182 445 decebit.

140 473 302 522 Hymen
331 472 369 511 Ο
400 472 645 522 Hymenaee,
678 472 842 521 Hymen
870 471 966 510 ades
995 470 1032 510 O
1062 472 1310 521 Hymenaee.

671 580 870 608 VIRGINES

138 637 331 686 Hespere,
359 633 428 685 qui
456 635 567 673 caelo
595 635 715 673 fertur
742 633 938 673 crudelior
965 634 1096 685 ignis?
1427 651 1467 674 20

135 700 203 751 qui
230 707 363 739 natam
391 699 518 750 possis
547 700 756 750 complexu
785 700 954 738 auellere
982 699 1128 748 matris,

135 767 342 816 complexu
370 764 504 804 matris
533 764 769 804 retinentem
796 765 968 803 auellere
996 772 1142 814 natam,

133 837 172 869 et
200 829 334 869 iuueni
362 829 516 869 ardenti
544 836 694 868 castam
723 830 872 869 donare
900 831 1084 880 puellam.

133 894 228 945 quid
256 894 404 933 faciunt
433 896 567 933 hostes
596 901 712 945 capta
739 894 938 934 crudelius
967 895 1094 934 urbe?

134 961 294 1010 Hymen
323 960 360 999 O
390 961 636 1010 Hymenaee,
669 960 833 1010 Hymen
861 960 957 999 ades
987 960 1024 999 Ο
1055 961 1315 1011 Hymenaee!
1421 977 1461 1010 ²5

675 1069 854 1097 IVVENES

132 1125 320 1175 Hespere,
352 1123 420 1174 qui
448 1125 559 1163 caelo
587 1125 693 1163 lucet
720 1122 932 1163 iucundior
960 1122 1090 1174 ignis?

129 1189 195 1240 qui
224 1190 423 1240 desponsa
450 1196 519 1228 tua
546 1190 678 1228 firmes
707 1188 880 1228 conubia
908 1190 1079 1236 flamma,

127 1267 228 1304 quae
255 1254 440 1305 pepigere
469 1253 552 1302 uiri,
583 1254 818 1305 pepigerunt
836 1260 929 1292 ante
958 1261 1154 1305 parentes,

127 1332 200 1358 nec
228 1319 387 1359 iunxere
416 1319 522 1370 prius
551 1332 671 1370 quam
701 1332 742 1358 se
771 1326 861 1358 tuus
891 1319 1028 1358 extulit
1056 1321 1183 1359 ardor.

126 1383 222 1435 quid
249 1385 364 1424 datur
391 1398 415 1423 a
443 1384 546 1424 diuis
574 1383 678 1424 felici
707 1383 880 1435 optatius
909 1385 1035 1423 hora?
1413 1403 1456 1436 30

127 1449 287 1499 Hymen
317 1450 354 1489 O
384 1451 630 1500 Hymenaee,
663 1451 827 1500 Hymen
854 1449 951 1489 ades
980 1449 1018 1489 O
1048 1451 1308 1500 Hymenaee!

659 1560 860 1588 VIRGlNES

124 1614 327 1664 Hesperus
356 1627 378 1653 e
406 1613 536 1662 nobis,
564 1613 749 1665 aequalis,
781 1613 943 1653 abstulit
971 1626 1103 1655 unam.

166 1791 204 1822 15
228 1782 307 1825 nos]
334 1793 404 1814 non
433 1783 464 1815 T
591 1783 768 1814 diuisimus
793 1782 973 1824 (suprascr.
999 1781 1204 1823 diuidamus)
1233 1783 1262 1815 G
1411 1796 1449 1825 17

121 1835 210 1856 nunc
231 1826 279 1857 T:
301 1837 371 1857 non
388 1829 414 1857 Ω
503 1826 801 1867 c0(m)mittiten:
830 1826 1019 1857 conuertite
1035 1825 1067 1857 T
1154 1827 1193 1857 18
1216 1826 1403 1867 incipiaent
1423 1829 1455 1860 Τ

119 1878 162 1900 20
183 1869 218 1900 in
241 1880 349 1911 marg.
372 1869 490 1901 Puelle
508 1870 667 1902 GRBlfbn
764 1870 839 1909 quis
859 1869 890 1900 T
984 1869 1106 1911 fertur]
1131 1870 1240 1910 potuit
1255 1871 1289 1902 A
1307 1882 1316 1903 x
1340 1872 1450 1911 patuit

117 1911 226 1954 Bergk
350 1924 389 1944 21
414 1913 606 1954 conplexua
629 1911 754 1945 uel¹ere
782 1913 813 1944 T
897 1912 1035 1944 amatris
1053 1912 1083 1943 O
1213 1923 1255 1944 22
1268 1914 1351 1954 fort.
1370 1926 1448 1947 con-

118 1956 217 1995 plexu
234 1967 254 1988 a
266 1958 382 1989 matris
449 1957 560 1989 auelle
575 1957 606 1988 Τ
691 1968 731 1997 24
749 1957 918 1988 credelius
933 1956 964 1987 Τ
1047 1966 1088 1997 25
1107 1956 1267 1997 Kymeno
1279 1958 1449 2001 kymenee

117 1999 328 2039 kymenades
352 2012 373 2032 ο
391 2000 560 2044 kymenee
588 2000 625 2041 T,
638 2001 754 2041 prima
773 2000 875 2031 littera
890 2005 950 2041 per
973 1999 1003 2041 k,
1022 2010 1089 2030 non
1109 2005 1170 2040 per
1185 2001 1389 2033 usitatiorem
1411 2004 1445 2044 h,

117 2046 230 2075 notata
329 2046 372 2075 26
395 2045 430 2075 in
443 2055 551 2085 marg.
571 2044 719 2076 quenes
738 2043 835 2075 GRB
843 2043 900 2075 Ven
989 2044 1064 2084 quis
1086 2043 1117 2074 T
1201 2044 1380 2077 iucundior
1398 2045 1430 2078 Τ
1438 2058 1445 2077 :

117 2085 178 2118 ioc.
196 2090 223 2118 Ω
333 2098 373 2127 27
398 2088 484 2119 fines
505 2088 553 2120 T:
576 2089 690 2127 signes
706 2087 846 2118 Palmer
914 2088 1058 2118 conubia
1080 2086 1128 2118 T:
1151 2097 1250 2120 conn.
1268 2091 1294 2118 Ω
1403 2091 1446 2121 28

116 2140 202 2169 quae
221 2130 268 2161 T:
292 2132 383 2170 quod
400 2131 454 2164 1¹²:
478 2141 547 2171 quo
563 2134 600 2171 Ω,
613 2132 713 2163 etiam
728 2131 774 2171 R,
785 2131 947 2171 quamuis
961 2127 977 2149 ‘¹
990 2135 1066 2172 post
1080 2130 1224 2162 inlatum
1241 2131 1284 2162 sit
1353 2133 1406 2164 uir
1422 2133 1452 2164 Τ

116 2183 159 2213 29
180 2174 322 2205 uinxere
347 2174 379 2205 Ο
474 2185 519 2215 3⁰
539 2185 559 2206 a
575 2185 641 2206 om.
659 2174 690 2206 Τ
783 2184 822 2213 31
850 2174 1011 2214 Kymeno
1027 2174 1216 2215 kymeneae
1233 2175 1447 2215 kymenades

116 2226 136 2246 o
152 2217 319 2258 kymenee
339 2217 371 2249 Τ
472 2219 519 2258 ’32
542 2218 577 2249 in
594 2228 700 2258 marg.
721 2217 840 2249 Pue‘lle
859 2217 1023 2249 GRBlsbn
1097 2219 1251 2258 aequalis
1272 2219 1303 2251 Τ
1313 2231 1321 2251 :
1343 2230 1444 2260 equa-

114 2259 164 2291 les
181 2259 212 2291 Ο
226 2272 234 2291 :
257 2261 393 2301 equales
411 2259 588 2303 (suprascr.
605 2262 654 2302 m)
668 2261 732 2293 GR
746 2273 753 2292 :
777 2262 952 2301 aequalem
969 2272 1013 2293 en
1032 2261 1107 2293 Giri
1146 2261 1228 2294 Post
1241 2273 1283 2302 32
1298 2264 1448 2296 excidisse

114 2304 275 2335 nonnulla
298 2305 368 2336 iam
392 2304 478 2336 ut'olit
497 2305 681 2337 Auantius.
733 2305 910 2336 Lacunam
935 2315 993 2336 sex
1019 2315 1179 2337 uersuum
1203 2307 1310 2347 posui,
1339 2318 1443 2348 quam

113 2351 239 2378 secutus
264 2349 307 2379 sit
327 2358 443 2380 uersus
468 2349 670 2380 intercalan's
697 2349 834 2388 Hymen
861 2359 882 2380 ο
909 2348 1112 2388 Hymenaee
1141 2349 1282 2391 Hymen
1313 2353 1396 2383 ades
1422 2363 1442 2383 ο

115 2388 326 2432 Hymenaee,
346 2392 508 2432 quamuis
523 2402 578 2424 nec
591 2393 624 2424 in
646 2392 744 2424 Tnec
757 2392 791 2424 in
808 2395 834 2423 Ω
855 2392 986 2434 legatur
