1592 2664
174 106 415 148 CATVLLI

227 222 270 254 ut
298 228 383 255 mos
411 222 469 255 est
497 222 597 263 tuus,
627 218 907 267 applicansque
934 216 1079 256 collum

183 328 186 332 ¹
228 278 442 318 iucundum
471 292 515 319 os
543 280 757 331 oculosque
784 279 1002 319 suauiabor.

227 356 252 382 o
279 349 469 393 quantum
498 350 556 382 est
584 342 788 382 hominum
818 342 1045 392 beatiorum,
1438 360 1484 387 ιο

227 405 323 456 quid
351 419 415 445 me
442 405 579 445 laetius
607 414 665 445 est
693 406 927 446 beatiusue?

703 562 740 598 X

227 654 369 692 VARVS
398 666 461 693 me
490 667 599 693 meus
627 656 678 693 ad
706 666 797 693 suos
824 667 978 694 amores

227 715 355 755 uisum
383 717 544 756 duxerat
572 731 593 757 e
622 719 706 758 foro
733 717 914 766 otiosum,

226 779 453 830 scortillum,
480 788 523 819 ut
551 780 646 820 mihi
674 788 758 821 tum
786 790 945 833 repente
972 782 1100 822 uisum
1127 790 1196 832 est,

226 857 306 882 non
336 856 429 884 sane
456 844 658 895 illepidum
687 859 816 897 neque
844 846 1109 886 inuenustum.

227 908 304 946 huc
332 915 374 946 ut
402 908 593 956 uenimus,
624 908 795 949 incidere
823 909 938 950 nobis
1458 928 1480 962 5

227 983 425 1011 sermones
453 972 560 1020 uarii,
590 972 630 1011 in
659 972 813 1023 quibus,
843 973 940 1024 quid
967 981 1068 1013 esset

227 1033 304 1072 iarn
335 1034 526 1085 Bithynia,
558 1048 638 1086 quo
666 1037 787 1076 modo
816 1050 857 1076 se
885 1037 1056 1084 haberet,

227 1105 266 1137 et
293 1111 465 1148 quonam
495 1098 590 1138 mihi
619 1099 825 1149 profuisset
851 1113 949 1140 aere.

227 1162 410 1213 respondi
439 1162 479 1202 id
508 1165 616 1214 quod
644 1172 734 1211 erat,
765 1164 862 1203 nihil
891 1178 1019 1216 neque
1046 1165 1139 1216 ipsis

229 1239 301 1266 nec
329 1227 570 1277 praetoribus
599 1240 684 1267 esse
711 1241 786 1268 nec
813 1229 976 1276 cohorti,
1443 1245 1486 1270 ιο

227 1304 295 1330 cur
323 1290 530 1341 quisquam
559 1299 677 1342 caput
705 1292 859 1332 unctius
891 1293 1055 1340 referret,

227 1354 451 1405 praesertim
480 1354 622 1405 quibus
650 1363 751 1395 esset
779 1355 980 1395 irrumator

228 1424 389 1469 praetor,
422 1431 501 1457 non
530 1419 672 1458 faceret
700 1418 767 1469 pili
795 1420 1008 1459 cohortem.

231 1487 290 1521 ‘at
318 1490 421 1522 certe
451 1485 606 1530 tamen,’
635 1482 816 1533 inquiunt
846 1485 976 1534 ‘quod
1003 1482 1081 1522 illic

229 1554 363 1585 natum
393 1546 534 1586 dicitur
562 1560 656 1595 esse,
687 1547 919 1598 comparasti
1446 1563 1483 1597 ¹5

228 1611 279 1649 ad
307 1609 484 1649 lecticam
514 1610 708 1649 hominis.’
761 1611 859 1661 Ego,
890 1618 932 1650 ut
960 1611 1112 1661 puellae

229 1687 350 1713 unum
381 1687 444 1713 me
473 1675 638 1713 facerem
669 1674 891 1721 beatiorem,

218 1788 240 1817 9
262 1778 439 1809 suauiabor
456 1777 490 1808 D
506 1789 514 1809 ι
535 1778 671 1809 suabior
686 1781 712 1809 Ω

220 1820 253 1851 Χ
276 1831 352 1852 cum
366 1818 423 1852 IX
434 1820 627 1852 continuant
646 1823 673 1851 Ω
699 1820 789 1852 nullo
803 1821 907 1862 spatio
922 1820 1022 1852 nlt'do
1127 1828 1141 1851 1
1162 1818 1275 1852 Varus
1292 1820 1321 1852 C
1334 1832 1342 1853 ε
1361 1820 1485 1853 Varius

179 1862 275 1894 GOR
289 1863 354 1894 Ven
367 1861 430 1894 La¹
447 1874 455 1894 z
470 1862 658 1894 Verannius
671 1862 706 1894 D
823 1873 845 1904 3
867 1868 946 1895 tunc
964 1862 1100 1894 ORVen
1116 1862 1220 1894 Laur.
1238 1873 1290 1904 33.
1310 1873 1349 1894 12
1463 1874 1484 1903 4

177 1905 279 1945 inlep.
292 1904 428 1937 Lachm.
527 1915 546 1945 7
565 1905 761 1938 Iarbithinia
774 1905 805 1937 Ο
871 1906 1041 1945 quomodo
1059 1915 1159 1946 posse
1176 1906 1316 1938 haberet
1332 1909 1359 1938 n
1373 1917 1382 1938 ε
1403 1916 1482 1940 corr.

177 1947 223 1980 ed.
243 1953 296 1989 pr.
433 1950 455 1980 8
477 1958 661 1988 ecquonam
683 1947 830 1981 Statius:
864 1953 899 1979 et
920 1948 1075 1988 quoniam
1097 1949 1139 1980 al.
1158 1958 1302 1989 quonam
1328 1947 1484 1981 GRVent

167 1995 211 2022 οἱ
228 1991 385 2031 quoniam
403 1989 592 2023 OACDaffl
659 2000 738 2023 aere
753 2001 795 2022 a:
818 1991 900 2023 here
917 1989 1162 2023 cozan-ico:
1190 1991 1273 2023 here
1286 1990 1485 2035 (εἰποῦσα)

178 2033 229 2064 ΒΙι
324 2044 348 2075 9
361 2043 472 2074 neque
488 2034 522 2064 in
588 2033 671 2074 ipsis
687 2034 859 2075 (suprascr.
877 2033 921 2066 al.
939 2043 1049 2074 neque
1065 2033 1148 2074 ipsis
1165 2034 1204 2075 fl)
1222 2034 1274 2066 G:
1296 2044 1406 2076 neque
1421 2043 1485 2067 nec

178 2076 211 2107 in
240 2076 322 2117 ipsis
345 2076 522 2108 OBCLa':
569 2086 632 2107 nec
658 2076 691 2108 in
718 2076 800 2116 ipsis
828 2077 870 2108 al.
896 2085 1005 2117 neque
1035 2077 1118 2117 ipsis
1141 2076 1194 2107 R:
1228 2076 1313 2108 nihil
1337 2077 1373 2110 in
1402 2075 1485 2119 ipsis

179 2118 380 2160 Conington:
403 2118 487 2151 nihil
506 2128 616 2159 neque
635 2118 699 2159 ipsi
720 2118 844 2151 Traube
974 2129 1014 2150 ιο
1030 2119 1126 2161 prius
1141 2129 1204 2151 nec
1215 2129 1280 2152 om.
1295 2118 1487 2152 RVmACa

177 2161 237 2192 sed
248 2161 351 2193 RVen
374 2161 504 2193 addunt
522 2162 558 2193 in
579 2172 686 2203 ntarg.
754 2161 809 2193 hic
834 2161 906 2193 oin·
965 2162 1028 2193 hoc
1054 2167 1209 2202 praetore
1228 2161 1335 2195 fuisse
1361 2161 1487 2195 Tm&

181 2213 216 2235 11
242 2204 310 2235 Cur
321 2215 353 2245 q.
366 2214 393 2236 c.
406 2215 439 2236 u.
452 2203 614 2238 referret:
635 2204 761 2236 Mum-o
874 2214 914 2244 13
937 2214 1003 2236 non
1014 2204 1056 2237 al.
1070 2214 1133 2237 nec
1151 2203 1305 2237 GRVen:
1328 2214 1393 2238 nec
1409 2203 1484 2238 Oa:

177 2256 221 2278 ne
236 2245 274 2277 W
368 2248 520 2279 facerent
533 2245 591 2279 Da
723 2256 764 2288 15
784 2256 861 2280 asse
874 2247 1003 2280 Statius
