1592 2664
1063 118 1307 159 CARMEN
1337 118 1434 157 LXI

374 233 508 283 Quare
535 244 619 283 age,
649 231 728 270 huc
756 229 910 270 aditum
939 230 1079 278 ferens,

429 310 548 350 perge
575 296 755 348 linquere
783 294 983 346 Thespiae

427 362 534 414 rupis
563 361 716 401 Aonios
746 374 898 412 specus,

374 428 563 479 Nympha
591 439 692 478 quos
722 439 839 477 super
868 424 998 477 irrigat

426 492 614 544 frigerans
642 490 863 542 Aganippe.
1396 505 1439 536 30

373 621 434 659 Ac
462 618 630 658 domum
658 615 864 657 dominam
893 629 995 655 uoca

429 682 609 735 coniugis
638 681 826 733 cupidam
855 680 962 728 noui,

426 755 603 788 mentem
631 760 767 786 amore
795 745 1018 786 reuinciens

373 815 428 853 Vt
457 819 575 852 tenax
602 812 751 852 hedera
778 812 858 850 huc
886 818 926 850 et
953 811 1033 850 huc

426 878 608 918 arborem
637 876 814 928 implicat
843 889 987 916 errans.
1399 891 1438 924 35

374 1008 539 1057 Vosque
566 1005 662 1045 item
693 1004 811 1044 simul
839 1003 1014 1055 integrae

428 1070 613 1122 uirgines,
642 1068 787 1120 quibus
816 1067 981 1108 aduenit

426 1149 496 1187 par
524 1134 621 1183 dies,
653 1133 756 1185 agite
784 1132 826 1172 in
854 1134 1021 1172 modum

374 1200 518 1248 Dicite,
549 1200 587 1240 Ο
618 1201 855 1250 Hymenaee
885 1199 1060 1248 Hymen,

429 1267 592 1315 Hymen
621 1264 659 1304 O
690 1265 936 1314 Hymenaee.
1395 1277 1441 1311 40

374 1391 428 1428 Vt
457 1387 668 1435 lubentius,
700 1386 867 1427 audiens

428 1467 471 1494 se
499 1452 652 1493 citarier
679 1452 732 1492 ad
761 1465 877 1490 suum

426 1531 586 1567 munus,
613 1518 693 1556 huc
721 1516 875 1556 aditum
904 1517 1002 1555 ferat
1068 1562 1070 1564 Ι

374 1586 467 1623 Dux
494 1584 626 1623 bonae
653 1581 833 1630 Veneris,
864 1581 961 1621 boni

427 1648 660 1699 coniugator
687 1646 843 1686 amoris.
1363 1646 1365 1649 ⁴
1390 1660 1438 1697 ·45

374 1828 476 1879 Quis
505 1829 605 1868 deus
634 1827 758 1879 magis
786 1826 932 1866 anesiis

427 1900 487 1933 est
515 1894 712 1944 petendus
740 1891 996 1932 amantibus?

427 1971 547 2010 quem
576 1960 709 1998 colent
738 1957 921 1997 homines
951 1955 1075 2008 magis

148 2071 192 2101 32
213 2071 291 2093 cum
307 2065 454 2103 sequente
469 2072 504 2094 u.
520 2062 735 2104 coniungebat
743 2061 876 2093 Bonnet
964 2070 1007 2100 33
1031 2059 1225 2092 reuinciens
1239 2060 1303 2092 ah:
1328 2059 1436 2093 reuin-

106 2114 189 2136 cens
205 2107 232 2136 Ω
372 2115 413 2146 34
439 2106 541 2137 edera
557 2109 585 2137 Ω
690 2105 756 2146 huc
773 2105 950 2147 (suprascr.
969 2108 1004 2143 a)
1022 2107 1056 2135 et
1072 2103 1138 2144 huc
1156 2104 1333 2146 (suprascr.
1350 2104 1386 2143 a)
1403 2104 1437 2136 R

105 2149 150 2187 38
174 2149 208 2180 in
232 2148 356 2180 nodum
380 2149 421 2182 al.
441 2149 476 2180 in
499 2150 635 2181 modum
653 2148 780 2180 RVen:
804 2149 838 2179 in
862 2148 988 2180 nodum
1005 2150 1032 2178 Ω.
1165 2157 1209 2186 40
1232 2157 1296 2180 om.
1320 2147 1435 2181 ADh:

107 2191 138 2223 Ο
160 2192 330 2232 hymenee
363 2192 534 2232 hymenee
571 2193 700 2233 hymen
728 2195 755 2223 Ω
789 2191 856 2223 nisi
885 2191 977 2232 quod
1007 2191 1040 2222 in
1063 2189 1098 2221 R
1122 2194 1295 2222 mutatum
1327 2195 1375 2223 est
1402 2192 1437 2223 in

106 2233 247 2275 Hymen
271 2246 292 2266 o
314 2235 483 2276 hymenee
506 2236 656 2276 hymen:
680 2236 711 2267 Ο
729 2233 870 2276 Hym'en
895 2235 1101 2275 Hymenaee
1119 2232 1259 2266 Lachm.
1394 2245 1437 2274 4²

106 2278 243 2310 citaries
261 2278 314 2311 0:
340 2278 456 2311 citarie
471 2278 530 2312 12²:
557 2280 617 2310 sed
641 2280 778 2311 citatior
793 2279 862 2311 cod.
884 2278 1083 2310 Ashburn.:
1116 2287 1202 2309 num
1225 2282 1259 2309 et
1282 2277 1436 2311 citatior?

106 2322 285 2396 &anxiis
308 2321 448 2364 Haupt:
471 2323 591 2354 amatis
608 2326 657 2354 n:
681 2333 780 2363 mage
805 2323 951 2354 mutueis
974 2321 1138 2354 Pleitner:
1172 2331 1271 2362 mage
1290 2322 1435 2354 saucieis

138 2375 158 2395 ο
