1650 2684
1068 84 1310 126 CARMEN
1332 84 1478 124 'LXIV

149 206 188 238 at
217 211 298 238 non
327 198 425 237 haec
454 198 658 249 quondam
686 196 803 237 nobis
832 196 1024 248 promissa
1053 195 1198 235 dedisti

150 277 272 303 uoce:
312 262 409 301 mihi
438 276 519 302 non
548 254 647 302 haec
676 262 842 302 miserae
871 275 1025 314 sperare
1054 261 1233 310 iubebas,
1419 277 1482 310 140

150 329 220 368 sed
248 327 420 367 conubia
448 329 560 376 laeta,
592 329 663 368 sed
691 335 848 378 optatos
877 329 1129 378 hymenaeos,

149 406 251 444 quae
279 400 423 432 cuneta
451 392 554 433 aerei
583 392 813 443 discerpunt
841 391 947 431 irrita
975 391 1094 431 uenti.

149 466 233 498 tum
262 457 340 497 iam
370 459 478 498 nulla
506 458 591 498 uiro
620 457 763 497 iuranti
791 457 939 498 femina
967 459 1112 506 credat,

150 524 256 562 nulla
284 522 357 562 uiri
385 530 515 574 speret
543 536 746 563 sermones
775 536 861 562 esse
890 523 1027 562 fideles
1041 537 1052 571 ς

149 587 236 638 quis
256 588 353 627 dum
383 587 534 639 aliquid
563 587 728 639 cupiens
756 587 913 626 animus
942 586 1152 639 praegestit
1180 586 1316 639 apisci,
1421 604 1480 637 ¹45

149 651 203 691 nil
232 659 415 692 metuunt
442 652 579 701 iurare,
611 652 709 692 nihil
738 652 966 704 promittere
994 660 1184 704 parcunt:

149 718 219 757 sed
248 717 366 757 simul
394 731 441 757 ac
470 717 639 769 cupidae
669 717 812 757 mentis
842 717 981 757 satiata
1009 717 1135 757 libido
1164 725 1233 765 est,

148 782 254 822 dicta
282 782 380 822 nihil
409 790 597 832 metuere,
627 782 726 823 nihil
755 782 923 835 periuria
952 790 1100 822 curant.

149 855 252 887 certe
281 861 355 900 ego
384 856 423 888 te
452 848 492 888 in
522 848 656 889 medio
685 856 909 888 uersantem
939 848 1096 888 turbine
1125 848 1192 889 leti

148 911 286 964 eripui,
313 919 353 952 et
381 912 513 964 potius
540 925 772 964 germanum
801 911 980 951 amittere
1010 911 1128 960 creui‚
1421 930 1482 963 150

148 991 267 1028 quarn
297 977 368 1017 tibi
396 977 525 1017 fallaci
554 990 740 1028 supremo
768 977 808 1016 in
838 984 1016 1028 tempore
1045 978 1213 1016 dessem.

148 1055 219 1094 pro
248 1055 328 1094 quo
357 1042 610 1083 dilaceranda
638 1042 728 1083 feris
757 1042 884 1082 dabor
911 1042 1151 1094 alitibusque

148 1108 304 1159 praeda,
335 1122 466 1160 neque
494 1107 639 1147 iniaeta
667 1108 894 1147 tumulabor
923 1114 1078 1148 mortua
1105 1114 1216 1147 terra.

148 1186 344 1224 quaenam
373 1180 412 1213 te
440 1173 575 1224 genuit
605 1174 688 1213 sola
716 1174 791 1213 sub
820 1186 916 1224 rupe
945 1174 1094 1220 leaena,

148 1239 257 1288 quod
287 1252 393 1278 mare
422 1245 662 1288 conceptum
691 1237 967 1289 spumantibus
997 1237 1151 1288 exspuit
1180 1237 1314 1287 undis,
1419 1256 1480 1289 155

148 1316 249 1354 quae
279 1303 410 1354 Syrtis,
442 1317 544 1354 quae
573 1304 702 1353 Scylla
730 1316 859 1353 rapax,
890 1316 992 1353 quae
1021 1309 1134 1342 uasta
1163 1303 1369 1354 Carybdis,

147 1367 239 1406 talia
267 1367 334 1419 qui
354 1367 486 1407 reddis
515 1381 587 1418 pro
615 1367 723 1407 dulci
751 1366 926 1418 praemia
954 1366 1065 1407 uita?

148 1431 180 1471 si
208 1431 279 1471 tibi
308 1446 390 1472 non
418 1432 529 1472 cordi
557 1433 710 1472 fuerant
740 1431 912 1471 conubia
940 1439 1085 1481 nostra,

148 1509 266 1536 saeua
293 1498 404 1548 quod
433 1497 620 1536 horrebas
648 1496 765 1547 prisci
795 1504 1005 1548 praecepta
1034 1497 1218 1548 parentis,

147 1569 186 1600 at
215 1568 347 1601 tamen
377 1562 418 1601 in
447 1569 596 1602 uestras
625 1561 787 1613 potuisti
816 1563 962 1601 ducere
991 1563 1116 1611 sedes,
1291 1582 1294 1585 ⁴
1416 1571 1480 1604 160

147 1638 248 1676 quae
277 1626 349 1666 tibi
378 1626 556 1667 iucundo
584 1628 792 1666 famularer
821 1640 934 1667 serua
962 1628 1108 1676 labore,

193 1740 255 1771 139
279 1731 395 1773 nobis]
418 1732 543 1763 blanda
566 1732 618 1763 Oh
751 1742 812 1771 140
829 1741 914 1763 uoce
936 1731 1017 1762 mihi
1040 1742 1104 1764 nec
1130 1732 1194 1765 hec
1220 1733 1301 1773 (hoc
1325 1733 1477 1775 BLa1A)

147 1775 272 1806 misere
294 1775 429 1810 (ultima
450 1786 470 1807 e
486 1775 587 1807 dubia
605 1776 652 1815 R,
669 1785 740 1806 -ser
754 1775 804 1814 A,
820 1785 952 1806 -serere
974 1775 1053 1815 La¹)
1077 1787 1215 1816 sperare
1232 1778 1373 1810 iubebas
1393 1779 1474 1819 (iud.

149 1817 184 1856 C,
199 1819 266 1850 uid.
282 1817 380 1850 La'A
389 1820 401 1860 )
415 1822 442 1850 Ω
520 1830 589 1851 non
603 1819 649 1851 ed.
663 1825 714 1860 pr.
798 1819 942 1851 miserae
960 1819 1142 1851 m'ndicauit
1155 1820 1277 1852 Vahlen
1291 1832 1298 1853 :
1322 1822 1478 1853 miseram

147 1860 193 1892 ed.
209 1867 262 1902 pr.
376 1867 577 1903 exspectare
594 1863 758 1894 Froelzlich
940 1873 998 1902 141
1025 1863 1144 1894 conub.
1164 1863 1230 1894 ΒΑ
1238 1864 1305 1896 Ch:
1331 1867 1478 1899 connub.

150 1903 282 1936 GOVen
452 1917 513 1946 142
536 1907 737 1947 discerpunt
756 1906 802 1937 C:
826 1907 1025 1947 disserpunt
1044 1906 1177 1938 GRVen
1193 1918 1200 1938 :
1225 1908 1430 1948 desserpunt
1450 1909 1481 1940 O

151 1950 298 1989 143—148
322 1950 413 1981 nulla
444 1951 517 1981 uiro
542 1975 549 1982 .
575 1974 584 1982 .
611 1975 619 1983 .
647 1954 767 1982 curant
790 1953 902 1981 extant
923 1950 1017 1991 apud
1035 1950 1243 1981 Hieremiam
1273 1952 1419 1983 Iudicem
1443 1953 1482 1984 de

147 1991 371 2033 Montagnone
380 1999 415 2034 p.
431 1994 484 2032 iiii,
505 2003 534 2033 5.
554 2004 574 2024 2
709 2003 770 2033 143
794 1998 864 2024 tum
880 1994 946 2025 iam
963 1997 989 2024 Ω
1005 2006 1013 2026 x
1036 2004 1126 2025 nunc
1143 1994 1207 2025 iarn
1225 1994 1267 2027 Β.
1287 1994 1458 2028 Guarinus
1472 2009 1480 2028 :

147 2034 226 2066 hinc
249 2036 315 2067 iam
337 2036 505 2068 Froehlich
642 2048 703 2077 144
727 2037 837 2068 fidelis
856 2037 887 2067 O
1035 2047 1096 2078 145
1122 2038 1198 2078 quis
1223 2039 1397 2080 (suprascr.
1417 2051 1478 2080 pro

146 2079 285 2118 quibus)
312 2079 342 2111 G
450 2081 615 2121 pregestit
645 2081 751 2121 apisci
785 2081 822 2120 G,
847 2081 906 2112 sed
935 2092 1056 2113 rasura
1079 2085 1126 2113 est
1150 2082 1211 2113 sub
1239 2082 1349 2114 litteris
1379 2094 1425 2123 re,
1451 2087 1481 2115 et

145 2122 293 2163 spatium
324 2127 399 2154 ante
428 2125 555 2164 apisci:
593 2126 733 2165 p‘gestit
762 2125 904 2164 adipisci
933 2125 984 2159 O:
1020 2125 1129 2166 apisci
1154 2125 1478 2159 RVenBLa¹ACDh

150 2166 211 2205 148
235 2166 421 2199 meminere
439 2167 578 2199 Czalina
711 2178 769 2208 151
795 2168 892 2200 salaci
913 2168 942 2199 G
954 2179 998 2200 m.
1014 2174 1082 2209 pr„
1088 2173 1166 2211 post
1180 2170 1292 2201 addita
1307 2174 1354 2202 est
1369 2171 1479 2205 minu*

148 2209 215 2240 tius
243 2207 383 2251 sm'pta1
492 2210 639 2254 dlessem
663 2212 744 2244 Ven:
775 2212 910 2244 dassem
937 2213 1115 2254 (suprascr.
1137 2214 1172 2254 e)
1189 2219 1237 2255 p:
1269 2214 1426 2246 deessem
1450 2218 1478 2246 Ω

151 2262 212 2292 153
235 2252 309 2293 p'ea
327 2254 484 2296 Gpreea)
504 2255 536 2287 Ο
622 2256 749 2287 intacta
766 2259 792 2286 Ω
893 2256 1090 2288 cumulabor
1105 2256 1141 2287 D
1158 2268 1202 2288 m.
1224 2263 1277 2298 pr.
1418 2268 1478 2299 155

148 2297 266 2337 expuit
283 2300 309 2327 Ω
445 2300 507 2338 156
529 2299 624 2331 scilla
642 2299 694 2331 O:
717 2300 793 2331 silla
811 2300 874 2331 GR
882 2299 1009 2331 Vanal
1145 2302 1206 2340 158
1228 2302 1348 2334 conub.
1360 2302 1426 2334 ΒΑ
1432 2304 1460 2335 C
1472 2316 1480 2335 :

149 2340 294 2373 connub.
311 2340 408 2373 GOR
416 2341 473 2374 Vin
608 2345 670 2375 160
692 2349 824 2376 nostras
843 2343 873 2374 O
