1650 2684
1102 109 1344 150 CARMEN
1375 108 1470 147 LXI

410 226 570 267 Nomen
599 239 697 274 esse,
727 225 798 265 sed
827 222 1005 264 indidem

462 304 618 342 semper
645 289 874 342 ingenerari.

409 385 634 436 Torquatus
663 385 757 423 uolo
785 383 972 434 paruulus

463 447 596 488 matris
625 462 647 488 e
675 447 825 499 gremio
853 459 948 487 suae
1408 459 1473 484 210

461 513 664 565 porrigens
693 520 848 553 teneras
876 525 1030 560 manus,

408 580 538 618 Dulce
565 578 690 618 rideat
718 579 771 618 ad
798 584 950 629 patrem

461 643 696 682 semihiante
725 643 880 682 labello.

407 730 464 770 Sit
492 743 565 770 suo
594 730 730 770 similis
759 729 859 781 patri

461 795 601 834 Mallio
629 802 668 835 et
696 794 810 834 facile
838 793 995 834 inscieis
1409 809 1470 842 215

459 859 674 899 noscitetur
702 860 753 899 ab
782 859 980 908 omnibus,

407 926 459 963 Et
487 923 718 975 pudicitiam
747 935 821 964 suo

458 988 591 1028 matris
619 988 769 1028 indicet
797 1002 875 1028 ore.

404 1076 513 1116 Talis
541 1076 644 1116 illius
672 1090 696 1115 a
723 1076 831 1116 bona

458 1149 582 1181 matre
610 1143 694 1181 laus
723 1156 847 1193 genus
875 1142 1081 1194 approbet,
1405 1158 1469 1181 220

458 1207 585 1258 qualis
613 1206 732 1246 unica
758 1207 811 1247 ab
839 1207 991 1258 optima

406 1274 536 1311 Matre
564 1273 808 1312 Telemacho
836 1278 971 1312 manet

459 1339 564 1376 fama
593 1338 832 1388 Penelopeo.

403 1430 589 1471 Claudite
618 1430 719 1470 ostia
746 1430 927 1482 uirgines.

457 1495 622 1535 lusimus
651 1495 754 1535 satis.
812 1503 853 1535 at
880 1496 1001 1536 bonei
1404 1512 1466 1544 225

456 1561 656 1613 coniuges,
687 1561 791 1600 bene
819 1561 943 1600 uiuite
962 1569 1002 1601 et

404 1629 573 1667 Munere
601 1626 760 1666 assidue
788 1628 988 1667 ualentem

455 1699 633 1732 exercete
661 1691 876 1731 iuuentam.

175 1797 242 1830 208
262 1797 454 1838 ingenerati
483 1796 550 1829 OD
667 1808 733 1837 209
754 1796 951 1837 Torcu(quu
967 1795 1077 1838 11²)tus
1101 1795 1171 1828 ΟΙι2
1281 1806 1346 1828 210
1369 1796 1404 1838 e]
1430 1801 1464 1828 et

135 1840 185 1872 0:
200 1841 345 1882 fim'asse
366 1851 410 1876 ex
529 1851 594 1882 213
618 1841 821 1873 semihiante
838 1839 1004 1881 Scaliger:
1026 1840 1088 1872 sed
1112 1840 1193 1871 mihi
1208 1843 1289 1872 ante
1306 1843 1352 1872 Ω;
1378 1850 1462 1871 sem-

133 1884 251 1916 hiante
286 1885 414 1917 Lucian
444 1883 583 1916 Mueller
737 1893 801 1924 215
836 1884 948 1915 mallio
987 1884 1021 1915 A
1039 1895 1047 1915 :
1077 1884 1201 1915 manlio
1245 1883 1295 1915 0:
1339 1884 1463 1914 manlio

135 1927 262 1959 GRK-n
362 1928 500 1960 inscieis
523 1928 686 1960 Lachm.:
710 1927 825 1960 insciis
852 1937 930 1958 mrr.
948 1927 992 1967 R,
1006 1938 1049 1959 a:
1072 1927 1222 1958 insciens
1239 1930 1266 1957 Ω
1400 1929 1464 1957 216

133 1972 290 2003 omnibus
323 1974 372 2003 n:
403 1971 536 2003 obuieis
570 1971 730 2003 Pleitner:
767 1975 801 2002 et
839 1971 996 2002 omnibus
1028 1981 1060 2003 n.
1098 1971 1141 2002 ab
1172 1970 1311 2002 inscieis
1328 1969 1459 2010 Dawes,

131 2014 255 2056 Haupt
382 2025 446 2053 217
471 2015 514 2046 Et
534 2018 581 2046 n:
610 2015 668 2046 Sic
691 2014 870 2046 Hermann
958 2024 1021 2045 suo
1038 2025 1059 2046 a
1083 2014 1263 2055 Baehrens,
1288 2013 1463 2055 Postgate:

132 2067 227 2090 suam
251 2061 300 2089 n:
321 2068 405 2090 suae
429 2058 520 2100 Calp.
549 2059 642 2099 1481,
670 2059 774 2100 uulgo
949 2068 1024 2098 219⁷
1044 2068 1109 2088 220
1131 2058 1177 2088 sic
1197 2058 1357 2099 leguntur
1375 2058 1411 2088 in
1434 2061 1461 2088 Ω

131 2101 223 2133 Talis
245 2101 337 2134 illius
359 2113 379 2134 a
400 2102 491 2134 bona
514 2107 622 2133 matre
646 2112 712 2133 220
736 2103 826 2133 Laus
843 2100 948 2142 (Zaus
972 2101 1086 2143 R½n)
1108 2111 1218 2142 genus
1242 2101 1389 2141 (egenus
1414 2100 1459 2142 O)

131 2145 307 2186 approbet,
323 2145 358 2176 in
373 2145 429 2176 Da
440 2146 486 2177 sic
499 2146 593 2177 Talis
609 2145 701 2176 illius
716 2155 735 2176 a
750 2145 841 2176 bona
857 2156 922 2177 220
939 2145 1124 2176 Matrizans
1143 2145 1281 2186 (-zando
1298 2146 1334 2185 a)
1351 2155 1462 2184 genus

131 2188 297 2229 approbet
422 2199 481 2220 221
507 2189 549 2220 ab
564 2200 631 2220 om.
652 2188 684 2219 Ο
805 2198 871 2231 222
894 2189 1105 2220 theleamaco
1123 2191 1149 2219 Ω
1165 2199 1173 2220 :
1197 2187 1412 2220 thelamacho
1430 2187 1462 2219 Ο

131 2240 195 2270 223
218 2231 410 2273 penolopeo
427 2232 490 2263 GR
497 2231 659 2264 VenBAD
774 2242 838 2272 224
861 2231 972 2263 hostia
988 2235 1015 2263 Ω
1141 2241 1206 2271 225
1228 2232 1271 2263 ad
1286 2231 1387 2263 bonet
1402 2230 1460 2264 D:

130 2276 173 2306 ad
195 2275 310 2307 bolnei
330 2276 387 2317 (al.
410 2276 512 2307 bonei
539 2275 596 2307 Ven
616 2279 645 2307 et
668 2285 775 2316 marg.
799 2275 839 2316 G,
858 2276 901 2307 ad
924 2275 1038 2307 bonlei
1060 2275 1105 2317 Ο)
1123 2278 1150 2306 Ω
1283 2276 1349 2307 226
1370 2276 1460 2307 bene

131 2319 236 2350 uiuite
253 2330 275 2350 a
289 2331 296 2351 :
311 2319 400 2350 bone
417 2320 486 2350 uite
502 2322 547 2350 n:
569 2319 718 2351 Veneris
732 2319 843 2350 bonae
856 2318 1034 2359 Froeblich,
1045 2318 1264 2350 Halbertsma
1395 2330 1459 2360 227

131 2363 269 2394 assiduo
295 2373 340 2394 a:
372 2362 492 2394 Mutue
513 2363 661 2394 assiduei
685 2362 825 2394 Huleatt
941 2363 1005 2393 228
1027 2372 1190 2395 exercere
1217 2362 1249 2394 Ο
1335 2362 1461 2395 Deinde

131 2404 279 2446 Explicit
294 2406 546 2446 epithalamium
566 2407 599 2437 Ο
