1682 2690
1110 122 1355 162 CARMEN
1384 121 1523 162 XCIX

191 247 311 286 quam
340 233 529 286 quoniam
558 247 729 286 poenam
758 234 903 275 misero
931 234 1121 286 proponis
1149 233 1285 282 amori,
1484 250 1522 283 15

245 313 464 352 numquam
494 299 572 340 iam
601 301 768 352 posthac
797 300 907 340 basia
935 299 1152 352 surripiam.

837 412 871 452 C

193 495 375 534 CAEles
404 494 634 533 Aufilenum
664 502 703 533 et
733 492 922 544 Quintius
951 494 1177 532 Aufilenam

245 560 318 598 flos
347 561 623 598 Veronensum
653 560 871 609 depereunt
899 557 1102 606 iuuenum,

191 623 256 662 hic
285 625 453 671 fratrem,
484 623 550 662 ille
579 636 763 662 sororem.
823 624 900 662 hoc
929 631 999 670 est,
1031 624 1142 674 quod
1171 623 1325 671 dicitur,
1357 623 1455 663 illud

244 689 457 727 fraternum
487 701 579 728 uere
608 689 726 728 dulce
753 687 997 728 sodalicium.

191 752 260 804 qui
289 754 444 792 faueam
473 753 634 804 potius?
681 752 802 801 Caeli,
833 752 928 792 tibi:
966 766 1059 792 nam
1089 760 1157 793 tua
1184 753 1301 793 nobis
1505 771 1524 803 5

245 819 417 869 perfecta
446 818 668 869 †exigitur†
697 818 815 857 unica
842 818 1026 866 amicitia,

191 897 283 922 cum
312 897 459 923 uesana
488 897 596 923 meas
624 890 786 923 torreret
814 885 974 922 flamma
1002 885 1207 924 medullas.

245 948 298 987 sis
326 948 429 997 felix,
460 947 582 997 Caeli,
613 947 665 987 sis
694 947 735 987 in
762 962 898 988 amore
925 956 1078 1000 potens.

816 1061 874 1100 CI

192 1140 368 1182 MvLTAs
395 1156 464 1194 per
493 1149 629 1193 gentes
658 1148 696 1181 et
725 1143 850 1181 multa
877 1155 947 1193 per
974 1155 1147 1193 aequora
1175 1148 1315 1181 uectus

242 1207 416 1248 aduenio
444 1209 515 1246 has
544 1207 717 1254 miseras,
746 1208 874 1255 frater,
904 1208 956 1246 ad
985 1207 1153 1255 inferias,

190 1279 234 1312 ut
261 1281 302 1312 te
328 1280 529 1324 postremo
557 1273 749 1312 donarem
777 1285 942 1311 munere
970 1272 1106 1311 mortis

243 1345 283 1377 et
310 1345 461 1376 mutam
489 1336 733 1388 nequiquam
761 1338 981 1388 alloquerer
1008 1337 1192 1377 cinerem.

189 1402 516 1454 quandoquidem
544 1403 702 1441 fortuna
729 1402 827 1441 mihi
854 1410 935 1442 tete
962 1402 1124 1442 abstulit
1152 1402 1295 1454 ipsum,
1500 1419 1518 1450 5

242 1469 321 1507 heu
349 1467 467 1507 miser
493 1467 656 1518 indigne
684 1467 800 1506 frater
827 1469 1013 1518 adempte
1042 1466 1151 1515 mihi,
1202 1496 1204 1498 -

188 1546 295 1572 nunc
323 1539 457 1572 tamen
485 1531 635 1571 interea
663 1531 762 1570 haec
790 1532 920 1582 prisco
948 1546 1050 1583 quae
1078 1546 1189 1572 more
1208 1539 1418 1584 parentum

242 1597 384 1637 tradita
411 1604 503 1636 sunt
531 1595 630 1636 tristi
658 1610 822 1636 munere
849 1597 902 1635 ad
930 1596 1098 1645 inferias,

233 1702 346 1741 15,16
368 1700 428 1732 del.
440 1699 582 1732 Landor
702 1709 741 1740 15
765 1699 890 1731 amoris
904 1700 1060 1741 Postgate

229 1745 258 1777 C
283 1754 321 1776 m
339 1754 468 1776 ctuvu
489 1754 530 1775 ετ
551 1754 722 1782 vanvu
744 1754 854 1784 marg.
869 1743 907 1783 G,
923 1747 974 1775 Ω·
996 1744 1144 1785 spatium
1164 1754 1267 1776 umus
1286 1754 1405 1776 uersus
1418 1756 1453 1776 m
1470 1745 1515 1786 D,

186 1799 253 1820 non
268 1789 345 1820 item
360 1798 396 1819 m
414 1788 456 1826 Ο,
475 1788 532 1819 uba
548 1792 659 1819 tamen
670 1788 787 1828 pnma
803 1787 909 1818 luttere:
926 1787 1076 1818 uocabula
1093 1787 1211 1819 Celius
1226 1789 1349 1819 omissa
1365 1793 1412 1820 est
1500 1800 1514 1820 1

186 1830 292 1863 Ellius
319 1831 350 1863 Ο
400 1831 525 1863 Melius
551 1831 607 1863 D.
637 1830 665 1862 E
691 1831 778 1862 elius
808 1830 837 1862 C
997 1841 1017 1860 2
1042 1840 1160 1861 ueron.
1183 1830 1356 1862 GVenDa.
1386 1837 1515 1865 treton.

184 1875 226 1906 al.
244 1885 360 1907 ueron.
374 1874 460 1908 RB:
488 1879 614 1906 treron.
633 1873 758 1906 OCLa¹
831 1875 1022 1914 depereunt
1041 1873 1087 1905 ed.
1103 1873 1222 1906 Par-m.
1241 1884 1324 1914 1473
1340 1885 1348 1905 :
1371 1875 1516 1916 depere-

185 1922 238 1950 ret
256 1917 449 1950 GOACLa¹
463 1930 471 1949 :
497 1919 677 1958 depereret
693 1918 737 1950 al.
754 1923 812 1950 ant
827 1917 895 1948 RB
902 1917 960 1948 Wn
1098 1926 1118 1956 5
1142 1918 1252 1957 quia:
1277 1918 1330 1949 cui
1347 1920 1374 1949 Ω
1495 1921 1518 1950 6

185 1966 363 2002 perspecta
388 1973 410 1994 a
506 1961 730 2002 †exigitur†]
755 1966 807 1993 est
833 1962 983 2001 exigitur
1005 1965 1058 1992 est
1084 1960 1128 1992 G:
1163 1965 1217 1992 est
1240 1961 1275 2003 (e
1287 1960 1442 2002 R)igitur
1464 1967 1517 1994 aet

186 2005 351 2036 ORVenA
379 2004 486 2036 Laur.
502 2014 554 2045 33.
582 2015 644 2037 12:
683 2010 734 2036 est
751 2006 853 2044 igitur
875 2003 995 2036 cLa¹a
1103 2014 1165 2044 per
1184 2005 1271 2036 sacta
1291 2005 1443 2036 exhibita
1462 2010 1517 2038 est

183 2048 323 2080 Lachm.
339 2059 348 2080 ε
370 2053 551 2089 perspecta
567 2054 618 2080 est
639 2049 745 2088 signis
765 2048 951 2079 Froehlich:
977 2052 1156 2088 perspecta
1171 2048 1296 2080 eximie
1319 2053 1373 2080 est
1398 2048 1447 2080 H.
1466 2048 1511 2081 A.

182 2091 294 2123 Koch:
315 2096 496 2132 perspecta
512 2091 651 2132 egregie
663 2096 717 2123 est
731 2091 915 2123 Baehrens:
947 2096 1127 2132 perspecta
1140 2096 1194 2123 est
1209 2092 1280 2131 igni
1293 2096 1362 2123 tum
1377 2091 1518 2124 Palmer

226 2135 273 2167 CI
297 2144 424 2167 rmvs
454 2145 500 2166 m:
531 2144 649 2166 uolut
680 2136 819 2175 (AMORE
845 2135 892 2176 D)
922 2144 1072 2166 FRATms
1098 2145 1205 2176 mag.
1241 2134 1280 2175 G,
1309 2134 1516 2166 RVenADB

181 2177 420 2210 Laurentiam':
451 2178 597 2220 spatium
620 2179 654 2209 in
672 2178 704 2211 Ο
726 2189 792 2210 non
811 2182 864 2219 est,
883 2178 941 2210 sed
955 2179 1071 2219 prima
1094 2178 1200 2210 littera
1222 2178 1375 2210 uocabula·
1388 2178 1513 2211 Multas

181 2221 306 2254 omissa
321 2225 368 2253 est
499 2231 514 2252 1
538 2221 634 2253 Vltas
653 2221 684 2253 Ο
785 2259 791 2264 .
814 2232 834 2253 2
857 2232 953 2253 seras
969 2221 1154 2253 Markland
1272 2232 1292 2261 4
1316 2226 1442 2253 mutam
1459 2224 1486 2253 Ω
1503 2234 1512 2254 :

181 2269 310 2297 mutum
328 2264 363 2296 D
450 2275 494 2296 ne
510 2265 689 2305 quicquam
705 2267 732 2295 Ω
866 2275 883 2305 7
908 2266 971 2296 hec
990 2265 1042 2296 011
1057 2276 1064 2296 ε
1090 2265 1154 2296 hoc
1171 2268 1197 2295 Ω
1287 2265 1467 2305 priscoque
1483 2269 1510 2296 Ω

180 2309 203 2340 8
225 2308 312 2340 tristi
336 2311 388 2339 n:
418 2318 485 2339 om.
509 2308 546 2339 D
567 2309 672 2349 spatio
694 2308 798 2339 nlicto
882 2319 1026 2342 >munere
1050 2311 1098 2339 n:
1126 2318 1270 2341 munera
1291 2307 1374 2340 Db:
1403 2309 1511 2341 tristis

180 2350 326 2383 muner-2²
335 2349 475 2383 Lachm.
