1682 2690
242 121 483 161 CATVLLI

294 230 429 271 suauia
456 229 684 270 comminxit
711 241 850 281 spurca
876 227 999 268 saliua
1025 231 1101 267 tua.

242 309 377 335 uerum
405 294 446 334 id
474 307 554 334 non
582 293 743 345 impune
771 294 893 332 feres:
930 305 1021 331 nam
1050 299 1089 330 te
1116 289 1250 330 omnia
1277 289 1405 330 saecla

294 366 472 408 noscent,
499 366 539 399 et
565 357 634 409 qui
661 357 713 397 sis
742 358 845 397 fama
872 358 1053 407 loquetur
1078 367 1187 395 anus,
1510 367 1549 391 10

771 465 990 505 LXXVIII

242 549 406 588 GALLVS
434 546 553 587 habet
580 547 726 595 fratres,
753 558 920 596 quorum
949 551 1007 584 est
1035 541 1274 595 lepidissima
1301 539 1471 582 coniunx

293 610 460 659 alterius,
490 610 644 662 lepidus
672 609 773 649 filius
801 608 968 648 alterius.

243 676 378 714 Gallus
405 675 526 714 homo
554 681 613 714 est
641 674 789 714 bellus:
827 686 919 712 nam
948 673 1083 712 dulces
1111 669 1235 722 iungit
1261 682 1426 717 amores,

294 750 384 778 curn
413 751 535 789 puero
563 745 605 778 ut
633 738 738 778 bello
766 738 868 778 bella
895 738 1025 789 puella
1052 735 1180 775 cubet.
1466 774 1469 776 ,

243 802 377 843 Gallus
405 804 527 842 homo
554 809 612 843 est
639 803 790 850 stultus,
821 815 895 841 nec
923 815 965 841 se
992 799 1102 841 uidet
1130 812 1214 839 esse
1242 797 1435 844 maritum,
1531 812 1551 844 5

294 866 362 918 qui
389 873 548 917 patruus
575 865 702 918 patrui
730 872 918 906 monstret
944 863 1188 905 adulterium.

800 975 975 1014 LXXIX

245 1056 416 1095 Lsssmvs
445 1063 503 1096 est
531 1057 673 1107 pulcer.
731 1055 828 1107 quid
855 1054 925 1094 ni?
962 1066 1079 1104 quem
1110 1052 1253 1092 Lesbia
1280 1050 1389 1092 malit

295 1133 414 1171 quam
442 1128 481 1160 te
509 1133 599 1160 cum
628 1126 710 1159 tota
737 1126 863 1170 gente,
894 1119 1058 1165 Catulle,
1089 1125 1165 1157 tua.

244 1185 312 1224 sed
342 1191 473 1223 tamen
501 1184 565 1224 hic
593 1185 726 1235 pulcer
754 1184 900 1224 uendat
928 1195 1018 1222 cum
1046 1189 1162 1232 gente
1190 1181 1401 1227 Catullum,

297 1248 328 1288 si
357 1248 428 1288 tria
454 1255 634 1288 natorum
663 1247 799 1288 suauia
826 1245 1045 1298 reppererit.

802 1355 951 1394 LXXX

247 1438 359 1487 va
387 1436 527 1485 dicam,
559 1436 672 1485 Gelli,
702 1449 821 1487 quare
849 1447 960 1475 rosea
987 1434 1061 1474 ista
1087 1434 1229 1474 labella

298 1500 462 1540 hiberna
490 1501 585 1539 fiant
612 1499 840 1540 candidiora
868 1498 970 1545 niue,

247 1578 362 1605 mane
390 1566 511 1605 domo
540 1578 629 1604 cum
658 1563 738 1603 exis
766 1571 804 1603 et
832 1576 922 1603 cum
952 1570 990 1602 te
1018 1570 1158 1602 octaua
1184 1560 1316 1612 quiete

300 1642 322 1668 e
350 1628 458 1668 molli
486 1629 604 1678 longo
632 1627 791 1667 suscitat
818 1628 915 1667 hora
941 1625 1034 1666 die?

248 1691 381 1733 nescio
409 1691 504 1744 quid
533 1699 636 1731 certe
665 1699 746 1731 est:
783 1704 833 1730 an
862 1704 953 1731 uere
981 1692 1084 1729 fama
1112 1696 1281 1729 susurrat
1539 1702 1559 1735 5

291 1796 313 1827 8
334 1795 518 1827 conminxit
539 1793 626 1826 Scul.
647 1806 654 1826 :
681 1793 843 1825 connuxit
869 1793 922 1825 0:
945 1792 1118 1824 coniunxit
1139 1794 1167 1822 Ω
1191 1790 1257 1822 nisi
1274 1789 1366 1831 quod
1386 1790 1559 1821 conuinxit

248 1841 295 1870 est
308 1838 343 1878 in
358 1837 423 1870 La¹
542 1847 564 1877 9
586 1847 703 1868 uerum
719 1837 753 1869 id
771 1847 838 1868 non
857 1835 908 1868 011
924 1847 931 1867 ε
962 1845 1078 1867 uerum
1096 1844 1163 1866 uon
1180 1834 1214 1865 id
1232 1832 1282 1866 G:
1306 1833 1339 1865 id
1355 1842 1472 1864 uerum
1490 1842 1558 1864 non

249 1883 312 1913 cett.
405 1890 445 1912 10
466 1880 540 1920 quis
555 1879 679 1911 GRCA
698 1879 918 1911 Laurentiam'
981 1878 1067 1910 sama
1082 1876 1237 1917 loquetur
1248 1885 1333 1908 anus
1346 1875 1409 1908 Ca!
1428 1899 1437 1908 .
1455 1876 1534 1915 1481
1550 1886 1558 1906 ι

250 1923 438 1964 famuloque
454 1928 552 1955 tanus
562 1924 675 1964 (tanus
690 1923 732 1955 al.
749 1927 849 1954 tenus
865 1921 978 1961 RVen,
997 1930 1103 1952 canus
1116 1919 1155 1960 G,
1175 1924 1274 1951 tenus
1289 1918 1336 1959 Β)
1410 1918 1442 1950 d.

295 1966 472 1998 LXXVIII
495 1977 570 1998 cum
587 1964 756 1997 LXXVII
768 1965 959 1997 continuant
972 1967 1010 2004 Ω,
1028 1963 1121 1994 nullo
1142 1974 1161 1994 s
1205 1963 1248 1994 tio
1264 1962 1366 1994 nlntio
1538 1962 1560 1992 ⁶

251 2014 404 2050 patruum
419 2020 441 2042 a
484 2009 565 2042 Post
578 2011 599 2041 6
613 2013 766 2040 secuntur
783 2008 819 2040 in
842 2007 996 2039 codicibus
1013 2005 1155 2038 LXXVI
1175 2029 1183 2038 .
1202 2015 1287 2046 7-10
1306 2005 1367 2037 sed
1388 2013 1478 2037 nune
1494 2027 1503 2036 .
1519 2027 1528 2037 .
1548 2027 1556 2036 .

251 2053 407 2092 loquetur
422 2062 517 2092 anus,
534 2052 607 2084 dein
625 2049 781 2083 LXXIX
794 2051 885 2083 nullo
899 2050 1005 2092 spatio

297 2094 445 2127 LXXIX
471 2105 485 2127 1
510 2095 590 2136 quid
615 2095 648 2126 ni
672 2104 772 2135 quem
797 2094 818 2125 h
841 2097 871 2125 et
893 2103 999 2135 marg.
1014 2090 1229 2125 Santm'am':
1263 2091 1342 2132 quid
1374 2091 1509 2131 inquam
1531 2092 1558 2121 Ω

252 2138 356 2170 mallit
373 2137 539 2170 GRVena
668 2147 688 2168 2
711 2137 831 2169 Catule
842 2137 876 2168 R
1006 2146 1026 2176 4
1050 2139 1203 2167 notorum
1219 2134 1272 2166 0:
1293 2138 1361 2166 not.
1381 2136 1556 2174 (suprascr.

212 2191 219 2199 ·
252 2185 288 2220 a)
300 2181 498 2214 Bn‘xianus:
521 2185 705 2212 amatorum
717 2179 892 2212 Heinsius:
915 2183 1081 2211 aratorum
1091 2177 1219 2220 Petper:
1237 2181 1426 2209 nostrorum
1437 2174 1563 2210 Sel-ocu

253 2225 440 2265 reppererit
459 2224 490 2256 Ο
505 2235 512 2255 :
535 2223 698 2265 repererit
716 2221 813 2254 GRA
819 2222 848 2255 C
861 2221 1078 2254 Launntz'am'

299 2267 429 2300 LXXX
443 2277 492 2299 Αῠ
508 2276 658 2299 ῡειιινιι
668 2268 695 2298 Ω
709 2276 718 2297 ι
740 2277 758 2298 s
803 2265 887 2298 tium
903 2265 1003 2297 um‘us
1016 2273 1130 2296 uersus
1143 2263 1176 2295 in
1189 2262 1223 2294 Ο
1320 2272 1342 2304 3
1357 2262 1491 2295 domum
1502 2259 1559 2293 DI:

254 2320 327 2343 cum
344 2311 470 2344 exisset
486 2319 561 2342 cum
577 2312 604 2342 Ω
619 2320 627 2342 :
648 2318 725 2342 corr.
778 2319 800 2341 a
911 2318 931 2348 4
954 2307 990 2350 e]
1007 2311 1041 2340 te
1055 2306 1112 2340 D:
1135 2315 1219 2347 num
1234 2306 1297 2339 del
