<?xml version="1.0" encoding="UTF-8"?>
<!DOCTYPE html PUBLIC "-//W3C//DTD XHTML 1.0 Transitional//EN"
    "http://www.w3.org/TR/xhtml1/DTD/xhtml1-transitional.dtd">
<html xmlns="http://www.w3.org/1999/xhtml" xml:lang="en" lang="en">
 <head>
  <title>
</title>
<meta http-equiv="Content-Type" content="text/html;charset=utf-8" />
  <meta name='ocr-system' content='tesseract 3.04.00' />
  <meta name='ocr-capabilities' content='ocr_page ocr_carea ocr_par ocr_line ocrx_word'/>
</head>
<body>
  <div class='ocr_page' id='page_1' title='image "./carminarecognovi00catuuoft_0010.png"; bbox 0 0 1592 2664; ppageno 0'>
   <div class='ocr_carea' id='block_1_1' title="bbox 691 109 1008 151">
    <p class='ocr_par' dir='ltr' id='par_1_1' title="bbox 691 109 1008 151">
     <span class='ocr_line' id='line_1_1' title="bbox 691 109 1008 151; baseline -0.009 0"><span class='ocrx_word' id='word_1_1' title='bbox 691 109 1008 151; x_wconf 87' lang='lat' dir='ltr'><strong>PRAEFATIO</strong></span> 
     </span>
    </p>
   </div>
   <div class='ocr_carea' id='block_1_2' title="bbox 187 210 1513 2298">
    <p class='ocr_par' dir='ltr' id='par_1_2' title="bbox 187 210 1511 1730">
     <span class='ocr_line' id='line_1_2' title="bbox 199 210 1503 263; baseline -0.005 -5"><span class='ocrx_word' id='word_1_2' title='bbox 199 218 270 258; x_wconf 75' lang='lat' dir='ltr'>tibi</span> <span class='ocrx_word' id='word_1_3' title='bbox 298 218 406 256; x_wconf 87' lang='lat' dir='ltr'>nulla</span> <span class='ocrx_word' id='word_1_4' title='bbox 438 219 619 256; x_wconf 84' lang='lat' dir='ltr'><em>susurrat</em></span> <span class='ocrx_word' id='word_1_5' title='bbox 647 215 743 261; x_wconf 52' lang='lat' dir='ltr'>auia</span> <span class='ocrx_word' id='word_1_6' title='bbox 778 220 820 253; x_wconf 89' lang='lat' dir='ltr'>ut</span> <span class='ocrx_word' id='word_1_7' title='bbox 850 219 1000 253; x_wconf 87' lang='lat' dir='ltr'>taceam</span> <span class='ocrx_word' id='word_1_8' title='bbox 1029 212 1105 252; x_wconf 89' lang='lat' dir='ltr'>alia</span> <span class='ocrx_word' id='word_1_9' title='bbox 1134 223 1236 263; x_wconf 89' lang='lat' dir='ltr'>quae</span> <span class='ocrx_word' id='word_1_10' title='bbox 1264 210 1306 251; x_wconf 90' lang='lat' dir='ltr'>in</span> <span class='ocrx_word' id='word_1_11' title='bbox 1337 210 1503 252; x_wconf 87' lang='lat' dir='ltr'>Mussati</span> 
     </span>
     <span class='ocr_line' id='line_1_3' title="bbox 198 275 1504 329; baseline -0.005 -8"><span class='ocrx_word' id='word_1_12' title='bbox 198 281 433 321; x_wconf 85' lang='lat' dir='ltr'>carminibus</span> <span class='ocrx_word' id='word_1_13' title='bbox 454 294 500 320; x_wconf 92' lang='lat' dir='ltr'>ex</span> <span class='ocrx_word' id='word_1_14' title='bbox 520 279 676 320; x_wconf 88' lang='lat' dir='ltr'>Catullo</span> <span class='ocrx_word' id='word_1_15' title='bbox 694 277 792 317; x_wconf 88' lang='lat' dir='ltr'>trahi</span> <span class='ocrx_word' id='word_1_16' title='bbox 812 284 1003 329; x_wconf 89' lang='lat' dir='ltr'>poterant.</span> <span class='ocrx_word' id='word_1_17' title='bbox 1071 275 1182 317; x_wconf 84' lang='lat' dir='ltr'>Obiit</span> <span class='ocrx_word' id='word_1_18' title='bbox 1201 283 1334 316; x_wconf 87' lang='lat' dir='ltr'>autem</span> <span class='ocrx_word' id='word_1_19' title='bbox 1354 276 1504 316; x_wconf 85' lang='lat' dir='ltr'>Mussa·</span> 
     </span>
     <span class='ocr_line' id='line_1_4' title="bbox 197 339 1502 395; baseline -0.004 -10"><span class='ocrx_word' id='word_1_20' title='bbox 197 353 259 385; x_wconf 90' lang='lat' dir='ltr'>tus</span> <span class='ocrx_word' id='word_1_21' title='bbox 290 359 324 384; x_wconf 89' lang='lat' dir='ltr'>a.</span> <span class='ocrx_word' id='word_1_22' title='bbox 364 358 463 395; x_wconf 85' lang='lat'>¹³²9</span> <span class='ocrx_word' id='word_1_23' title='bbox 494 356 629 383; x_wconf 89' lang='lat' dir='ltr'>mense</span> <span class='ocrx_word' id='word_1_24' title='bbox 659 341 770 382; x_wconf 87' lang='lat' dir='ltr'>Maio</span> <span class='ocrx_word' id='word_1_25' title='bbox 782 342 804 381; x_wconf 86' lang='lat'>¹.</span> <span class='ocrx_word' id='word_1_26' title='bbox 860 341 1018 382; x_wconf 89' lang='lat' dir='ltr'>Deinde</span> <span class='ocrx_word' id='word_1_27' title='bbox 1047 341 1204 381; x_wconf 90' lang='lat' dir='ltr'>duobus</span> <span class='ocrx_word' id='word_1_28' title='bbox 1233 339 1330 380; x_wconf 87' lang='lat' dir='ltr'>locis</span> <span class='ocrx_word' id='word_1_29' title='bbox 1360 339 1502 381; x_wconf 86' lang='lat' dir='ltr'>Catulli</span> 
     </span>
     <span class='ocr_line' id='line_1_5' title="bbox 197 403 1505 460; baseline -0.005 -11"><span class='ocrx_word' id='word_1_30' title='bbox 197 422 337 460; x_wconf 84' lang='lat' dir='ltr'>corpus</span> <span class='ocrx_word' id='word_1_31' title='bbox 367 407 582 448; x_wconf 86' lang='lat' dir='ltr'>carminum</span> <span class='ocrx_word' id='word_1_32' title='bbox 612 405 788 457; x_wconf 86' lang='lat' dir='ltr'>respexit,</span> <span class='ocrx_word' id='word_1_33' title='bbox 821 406 977 446; x_wconf 88' lang='lat' dir='ltr'>duobus</span> <span class='ocrx_word' id='word_1_34' title='bbox 1010 404 1117 456; x_wconf 84' lang='lat' dir='ltr'>ipsos</span> <span class='ocrx_word' id='word_1_35' title='bbox 1149 416 1285 444; x_wconf 88' lang='lat' dir='ltr'>uersus</span> <span class='ocrx_word' id='word_1_36' title='bbox 1314 403 1357 456; x_wconf 87' lang='lat' dir='ltr'>(i.</span> <span class='ocrx_word' id='word_1_37' title='bbox 1392 418 1423 452; x_wconf 88' lang='lat'>1,</span> <span class='ocrx_word' id='word_1_38' title='bbox 1458 417 1478 443; x_wconf 84' lang='lat'>2</span> <span class='ocrx_word' id='word_1_39' title='bbox 1493 418 1505 454; x_wconf 90' lang='lat'>;</span> 
     </span>
     <span class='ocr_line' id='line_1_6' title="bbox 196 467 1504 525; baseline -0.004 -12"><span class='ocrx_word' id='word_1_40' title='bbox 196 474 219 513; x_wconf 89' lang='lat' dir='ltr'>i.</span> <span class='ocrx_word' id='word_1_41' title='bbox 256 473 352 525; x_wconf 85' lang='lat'>5-7)</span> <span class='ocrx_word' id='word_1_42' title='bbox 383 472 518 512; x_wconf 87' lang='lat' dir='ltr'>citauit</span> <span class='ocrx_word' id='word_1_43' title='bbox 555 471 595 510; x_wconf 94' lang='lat' dir='ltr'>in</span> <span class='ocrx_word' id='word_1_44' title='bbox 628 470 729 510; x_wconf 91' lang='lat' dir='ltr'>libro</span> <span class='ocrx_word' id='word_1_45' title='bbox 760 471 805 509; x_wconf 81' lang='lat' dir='ltr'>de</span> <span class='ocrx_word' id='word_1_46' title='bbox 839 470 1062 520; x_wconf 76' lang='lat' dir='ltr'>Originibus</span> <span class='ocrx_word' id='word_1_47' title='bbox 1091 471 1251 518; x_wconf 84' lang='lat' dir='ltr'>Rerum,</span> <span class='ocrx_word' id='word_1_48' title='bbox 1286 467 1504 509; x_wconf 87' lang='lat' dir='ltr'>Gulielmus</span> 
     </span>
     <span class='ocr_line' id='line_1_7' title="bbox 198 532 1506 588; baseline -0.004 -12"><span class='ocrx_word' id='word_1_49' title='bbox 198 536 469 588; x_wconf 88' lang='lat' dir='ltr'>Pastrengicus</span> <span class='ocrx_word' id='word_1_50' title='bbox 504 534 778 587; x_wconf 85' lang='lat'><strong>(1295—1360)</strong></span> <span class='ocrx_word' id='word_1_51' title='bbox 814 532 965 573; x_wconf 89' lang='lat' dir='ltr'>amicus</span> <span class='ocrx_word' id='word_1_52' title='bbox 1006 535 1220 573; x_wconf 85' lang='lat' dir='ltr'>Petrarcae.</span> <span class='ocrx_word' id='word_1_53' title='bbox 1293 533 1380 572; x_wconf 84' lang='lat' dir='ltr'>Iam</span> <span class='ocrx_word' id='word_1_54' title='bbox 1422 532 1506 584; x_wconf 81' lang='lat' dir='ltr'>ipse</span> 
     </span>
     <span class='ocr_line' id='line_1_8' title="bbox 199 595 1506 641; baseline -0.004 0"><span class='ocrx_word' id='word_1_55' title='bbox 199 603 377 641; x_wconf 87' lang='lat' dir='ltr'>Petrarca</span> <span class='ocrx_word' id='word_1_56' title='bbox 402 613 483 640; x_wconf 89' lang='lat' dir='ltr'>non</span> <span class='ocrx_word' id='word_1_57' title='bbox 509 600 636 639; x_wconf 89' lang='lat' dir='ltr'>solum</span> <span class='ocrx_word' id='word_1_58' title='bbox 663 598 862 639; x_wconf 88' lang='lat' dir='ltr'>Catullum</span> <span class='ocrx_word' id='word_1_59' title='bbox 890 597 931 637; x_wconf 88' lang='lat' dir='ltr'>in</span> <span class='ocrx_word' id='word_1_60' title='bbox 956 596 1194 637; x_wconf 86' lang='lat' dir='ltr'>carminibus</span> <span class='ocrx_word' id='word_1_61' title='bbox 1221 604 1261 637; x_wconf 94' lang='lat' dir='ltr'>et</span> <span class='ocrx_word' id='word_1_62' title='bbox 1287 595 1506 641; x_wconf 80' lang='lat' dir='ltr'>nominauit</span> 
     </span>
     <span class='ocr_line' id='line_1_9' title="bbox 196 660 1506 717; baseline -0.004 -11"><span class='ocrx_word' id='word_1_63' title='bbox 196 674 234 705; x_wconf 91' lang='lat' dir='ltr'>et</span> <span class='ocrx_word' id='word_1_64' title='bbox 253 677 380 717; x_wconf 88' lang='lat' dir='ltr'>paene</span> <span class='ocrx_word' id='word_1_65' title='bbox 397 666 450 705; x_wconf 88' lang='lat' dir='ltr'>ad</span> <span class='ocrx_word' id='word_1_66' title='bbox 468 664 634 704; x_wconf 89' lang='lat' dir='ltr'>uerbum</span> <span class='ocrx_word' id='word_1_67' title='bbox 653 662 827 702; x_wconf 86' lang='lat' dir='ltr'>imitatus</span> <span class='ocrx_word' id='word_1_68' title='bbox 851 669 920 709; x_wconf 91' lang='lat' dir='ltr'>est,</span> <span class='ocrx_word' id='word_1_69' title='bbox 941 663 1049 702; x_wconf 90' lang='lat' dir='ltr'>uelut</span> <span class='ocrx_word' id='word_1_70' title='bbox 1074 663 1188 701; x_wconf 84' lang='lat' dir='ltr'>lxxvi.</span> <span class='ocrx_word' id='word_1_71' title='bbox 1215 676 1235 701; x_wconf 86' lang='lat'><em>2</em></span> <span class='ocrx_word' id='word_1_72' title='bbox 1241 663 1343 713; x_wconf 79' lang='lat'>3-26</span> <span class='ocrx_word' id='word_1_73' title='bbox 1366 660 1423 701; x_wconf 90' lang='lat' dir='ltr'>sic</span> <span class='ocrx_word' id='word_1_74' title='bbox 1444 673 1506 702; x_wconf 87' lang='lat' dir='ltr'>ex·</span> 
     </span>
     <span class='ocr_line' id='line_1_10' title="bbox 196 725 1508 782; baseline -0.004 -12"><span class='ocrx_word' id='word_1_75' title='bbox 196 730 332 782; x_wconf 87' lang='lat' dir='ltr'>pressit</span> <span class='ocrx_word' id='word_1_76' title='bbox 348 727 528 769; x_wconf 88' lang='lat' dir='ltr'>Sonnetti</span> <span class='ocrx_word' id='word_1_77' title='bbox 548 741 579 766; x_wconf 90' lang='lat'>1.</span> <span class='ocrx_word' id='word_1_78' title='bbox 598 738 647 778; x_wconf 88' lang='lat'>50</span> <span class='ocrx_word' id='word_1_79' title='bbox 659 727 720 766; x_wconf 89' lang='lat' dir='ltr'>ed.</span> <span class='ocrx_word' id='word_1_80' title='bbox 736 725 905 766; x_wconf 87' lang='lat' dir='ltr'>Mestica</span> <span class='ocrx_word' id='word_1_81' title='bbox 915 727 1132 778; x_wconf 80' lang='lat' dir='ltr'>Nonprego</span> <span class='ocrx_word' id='word_1_82' title='bbox 1139 725 1219 776; x_wconf 61' lang='lat' dir='ltr'>gua,</span> <span class='ocrx_word' id='word_1_83' title='bbox 1233 728 1403 778; x_wconf 77' lang='lat' dir='ltr'>nlpuote</span> <span class='ocrx_word' id='word_1_84' title='bbox 1414 737 1508 765; x_wconf 83' lang='lat' dir='ltr'>aver</span> 
     </span>
     <span class='ocr_line' id='line_1_11' title="bbox 187 791 1507 846; baseline -0.004 -12"><span class='ocrx_word' id='word_1_85' title='bbox 187 796 262 846; x_wconf 69' lang='lat' dir='ltr'>piri</span> <span class='ocrx_word' id='word_1_86' title='bbox 282 795 364 842; x_wconf 85' lang='lat' dir='ltr'><em>Ioco,</em></span> <span class='ocrx_word' id='word_1_87' title='bbox 387 793 464 834; x_wconf 76' lang='lat' dir='ltr'>Che</span> <span class='ocrx_word' id='word_1_88' title='bbox 482 796 794 831; x_wconf 82' lang='lat' dir='ltr'>mesuratamente</span> <span class='ocrx_word' id='word_1_89' title='bbox 806 791 842 829; x_wconf 78' lang='lat' dir='ltr'>il</span> <span class='ocrx_word' id='word_1_90' title='bbox 852 791 927 829; x_wconf 81' lang='lat' dir='ltr'>mio</span> <span class='ocrx_word' id='word_1_91' title='bbox 939 803 1004 829; x_wconf 87' lang='lat' dir='ltr'>cor</span> <span class='ocrx_word' id='word_1_92' title='bbox 1015 792 1127 839; x_wconf 85' lang='lat' dir='ltr'>arda,</span> <span class='ocrx_word' id='word_1_93' title='bbox 1143 791 1222 830; x_wconf 87' lang='lat' dir='ltr'>Ma</span> <span class='ocrx_word' id='word_1_94' title='bbox 1234 791 1297 830; x_wconf 80' lang='lat' dir='ltr'>che</span> <span class='ocrx_word' id='word_1_95' title='bbox 1308 803 1380 829; x_wconf 83' lang='lat' dir='ltr'>sua</span> <span class='ocrx_word' id='word_1_96' title='bbox 1393 793 1507 841; x_wconf 81' lang='lat' dir='ltr'>parte</span> 
     </span>
     <span class='ocr_line' id='line_1_12' title="bbox 196 854 1504 906; baseline -0.003 -9"><span class='ocrx_word' id='word_1_97' title='bbox 196 860 306 898; x_wconf 84' lang='lat' dir='ltr'><em>abbia</em></span> <span class='ocrx_word' id='word_1_98' title='bbox 333 857 445 897; x_wconf 81' lang='lat' dir='ltr'>costei</span> <span class='ocrx_word' id='word_1_99' title='bbox 466 857 530 895; x_wconf 85' lang='lat' dir='ltr'>del</span> <span class='ocrx_word' id='word_1_100' title='bbox 539 855 627 906; x_wconf 85' lang='lat' dir='ltr'><em>foco</em></span> <span class='ocrx_word' id='word_1_101' title='bbox 654 854 871 905; x_wconf 84' lang='lat' dir='ltr'>(Schwabe,</span> <span class='ocrx_word' id='word_1_102' title='bbox 906 855 1104 894; x_wconf 83' lang='lat' dir='ltr'>Testimon.</span> <span class='ocrx_word' id='word_1_103' title='bbox 1134 867 1172 906; x_wconf 90' lang='lat' dir='ltr'>p.</span> <span class='ocrx_word' id='word_1_104' title='bbox 1201 867 1260 903; x_wconf 86' lang='lat' dir='ltr'>xv,</span> <span class='ocrx_word' id='word_1_105' title='bbox 1285 855 1347 894; x_wconf 89' lang='lat' dir='ltr'>ed.</span> <span class='ocrx_word' id='word_1_106' title='bbox 1377 854 1504 903; x_wconf 73' lang='lat'>1886),</span> 
     </span>
     <span class='ocr_line' id='line_1_13' title="bbox 197 917 1506 963; baseline -0.004 0"><span class='ocrx_word' id='word_1_107' title='bbox 197 924 267 963; x_wconf 90' lang='lat' dir='ltr'>sed</span> <span class='ocrx_word' id='word_1_108' title='bbox 301 920 512 962; x_wconf 89' lang='lat' dir='ltr'>duodecim</span> <span class='ocrx_word' id='word_1_109' title='bbox 546 921 624 959; x_wconf 87' lang='lat' dir='ltr'>fere</span> <span class='ocrx_word' id='word_1_110' title='bbox 657 920 765 958; x_wconf 85' lang='lat' dir='ltr'>locos</span> <span class='ocrx_word' id='word_1_111' title='bbox 798 919 926 958; x_wconf 87' lang='lat' dir='ltr'>attulit</span> <span class='ocrx_word' id='word_1_112' title='bbox 959 931 1006 958; x_wconf 89' lang='lat' dir='ltr'>ex</span> <span class='ocrx_word' id='word_1_113' title='bbox 1039 918 1122 958; x_wconf 88' lang='lat' dir='ltr'>eius</span> <span class='ocrx_word' id='word_1_114' title='bbox 1154 917 1391 958; x_wconf 87' lang='lat' dir='ltr'>carminibus</span> <span class='ocrx_word' id='word_1_115' title='bbox 1423 918 1506 959; x_wconf 88' lang='lat' dir='ltr'>siue</span> 
     </span>
     <span class='ocr_line' id='line_1_14' title="bbox 197 981 1506 1038; baseline -0.003 -12"><span class='ocrx_word' id='word_1_116' title='bbox 197 988 237 1026; x_wconf 89' lang='lat' dir='ltr'>in</span> <span class='ocrx_word' id='word_1_117' title='bbox 257 984 455 1038; x_wconf 88' lang='lat' dir='ltr'>opusculis</span> <span class='ocrx_word' id='word_1_118' title='bbox 474 991 563 1036; x_wconf 91' lang='lat' dir='ltr'>post</span> <span class='ocrx_word' id='word_1_119' title='bbox 588 982 808 1033; x_wconf 86' lang='lat' dir='ltr'>impressos,</span> <span class='ocrx_word' id='word_1_120' title='bbox 830 982 914 1022; x_wconf 89' lang='lat' dir='ltr'>siue</span> <span class='ocrx_word' id='word_1_121' title='bbox 940 982 980 1021; x_wconf 88' lang='lat' dir='ltr'>in</span> <span class='ocrx_word' id='word_1_122' title='bbox 999 981 1147 1033; x_wconf 87' lang='lat' dir='ltr'>Vergili</span> <span class='ocrx_word' id='word_1_123' title='bbox 1172 981 1311 1022; x_wconf 89' lang='lat' dir='ltr'>codice</span> <span class='ocrx_word' id='word_1_124' title='bbox 1333 983 1506 1034; x_wconf 86' lang='lat' dir='ltr'>quodam</span> 
     </span>
     <span class='ocr_line' id='line_1_15' title="bbox 197 1046 1507 1101; baseline -0.004 -11"><span class='ocrx_word' id='word_1_125' title='bbox 197 1057 376 1090; x_wconf 87' lang='lat' dir='ltr'>enotatos</span> <span class='ocrx_word' id='word_1_126' title='bbox 388 1062 506 1101; x_wconf 91' lang='lat' dir='ltr'>quem</span> <span class='ocrx_word' id='word_1_127' title='bbox 522 1047 702 1087; x_wconf 86' lang='lat' dir='ltr'>itinerum</span> <span class='ocrx_word' id='word_1_128' title='bbox 718 1046 905 1086; x_wconf 89' lang='lat' dir='ltr'>comitem</span> <span class='ocrx_word' id='word_1_129' title='bbox 920 1059 1055 1086; x_wconf 91' lang='lat' dir='ltr'>secum</span> <span class='ocrx_word' id='word_1_130' title='bbox 1071 1046 1241 1086; x_wconf 88' lang='lat' dir='ltr'>habebat</span> <span class='ocrx_word' id='word_1_131' title='bbox 1255 1046 1337 1099; x_wconf 84' lang='lat' dir='ltr'>(De</span> <span class='ocrx_word' id='word_1_132' title='bbox 1352 1047 1507 1086; x_wconf 84' lang='lat' dir='ltr'>Nolhac</span> 
     </span>
     <span class='ocr_line' id='line_1_16' title="bbox 197 1109 1507 1164; baseline -0.004 -10"><span class='ocrx_word' id='word_1_133' title='bbox 197 1116 409 1164; x_wconf 72' lang='lat' dir='ltr'>Pltrarque</span> <span class='ocrx_word' id='word_1_134' title='bbox 427 1118 464 1151; x_wconf 87' lang='lat' dir='ltr'>et</span> <span class='ocrx_word' id='word_1_135' title='bbox 481 1111 780 1158; x_wconf 65' lang='lat' dir='ltr'>l’Humamkme,</span> <span class='ocrx_word' id='word_1_136' title='bbox 802 1123 841 1162; x_wconf 92' lang='lat' dir='ltr'>p.</span> <span class='ocrx_word' id='word_1_137' title='bbox 867 1110 973 1163; x_wconf 85' lang='lat'>139),</span> <span class='ocrx_word' id='word_1_138' title='bbox 993 1123 1067 1151; x_wconf 90' lang='lat' dir='ltr'>nec</span> <span class='ocrx_word' id='word_1_139' title='bbox 1089 1110 1255 1151; x_wconf 88' lang='lat' dir='ltr'>dubium</span> <span class='ocrx_word' id='word_1_140' title='bbox 1280 1118 1340 1150; x_wconf 90' lang='lat' dir='ltr'>est</span> <span class='ocrx_word' id='word_1_141' title='bbox 1362 1109 1507 1151; x_wconf 86' lang='lat' dir='ltr'>Catulli</span> 
     </span>
     <span class='ocr_line' id='line_1_17' title="bbox 198 1173 1508 1226; baseline -0.003 -8"><span class='ocrx_word' id='word_1_142' title='bbox 198 1190 288 1218; x_wconf 90' lang='lat' dir='ltr'>eum</span> <span class='ocrx_word' id='word_1_143' title='bbox 318 1176 457 1217; x_wconf 90' lang='lat' dir='ltr'>codice</span> <span class='ocrx_word' id='word_1_144' title='bbox 489 1188 603 1215; x_wconf 88' lang='lat' dir='ltr'>usum</span> <span class='ocrx_word' id='word_1_145' title='bbox 636 1187 722 1214; x_wconf 86' lang='lat' dir='ltr'>esse</span> <span class='ocrx_word' id='word_1_146' title='bbox 754 1173 821 1226; x_wconf 87' lang='lat' dir='ltr'>qui</span> <span class='ocrx_word' id='word_1_147' title='bbox 851 1181 890 1215; x_wconf 91' lang='lat' dir='ltr'>et</span> <span class='ocrx_word' id='word_1_148' title='bbox 918 1174 1052 1226; x_wconf 83' lang='lat' dir='ltr'>prinus</span> <span class='ocrx_word' id='word_1_149' title='bbox 1079 1181 1182 1214; x_wconf 90' lang='lat' dir='ltr'>esset</span> <span class='ocrx_word' id='word_1_150' title='bbox 1209 1182 1249 1214; x_wconf 94' lang='lat' dir='ltr'>et</span> <span class='ocrx_word' id='word_1_151' title='bbox 1277 1187 1431 1226; x_wconf 87' lang='lat' dir='ltr'>semper</span> <span class='ocrx_word' id='word_1_152' title='bbox 1455 1175 1508 1214; x_wconf 89' lang='lat' dir='ltr'>ad</span> 
     </span>
     <span class='ocr_line' id='line_1_18' title="bbox 199 1237 1507 1291; baseline -0.003 -9"><span class='ocrx_word' id='word_1_153' title='bbox 199 1255 358 1282; x_wconf 89' lang='lat' dir='ltr'>manum</span> <span class='ocrx_word' id='word_1_154' title='bbox 395 1242 554 1281; x_wconf 89' lang='lat' dir='ltr'>lecturo.</span> <span class='ocrx_word' id='word_1_155' title='bbox 627 1239 761 1279; x_wconf 88' lang='lat' dir='ltr'>Huius</span> <span class='ocrx_word' id='word_1_156' title='bbox 793 1239 968 1291; x_wconf 87' lang='lat' dir='ltr'>aequalis</span> <span class='ocrx_word' id='word_1_157' title='bbox 1006 1240 1216 1279; x_wconf 86' lang='lat' dir='ltr'>Boccatius</span> <span class='ocrx_word' id='word_1_158' title='bbox 1254 1237 1373 1290; x_wconf 81' lang='lat'>(†137</span> <span class='ocrx_word' id='word_1_159' title='bbox 1380 1240 1417 1290; x_wconf 87' lang='lat'>5)</span> <span class='ocrx_word' id='word_1_160' title='bbox 1455 1239 1507 1278; x_wconf 94' lang='lat' dir='ltr'>de</span> 
     </span>
     <span class='ocr_line' id='line_1_19' title="bbox 198 1302 1509 1357; baseline -0.002 -11"><span class='ocrx_word' id='word_1_161' title='bbox 198 1305 395 1346; x_wconf 82' lang='lat' dir='ltr'>amatoriis</span> <span class='ocrx_word' id='word_1_162' title='bbox 413 1304 539 1357; x_wconf 91' lang='lat' dir='ltr'>poetis</span> <span class='ocrx_word' id='word_1_163' title='bbox 557 1305 724 1355; x_wconf 85' lang='lat' dir='ltr'>loquens</span> <span class='ocrx_word' id='word_1_164' title='bbox 743 1302 803 1342; x_wconf 89' lang='lat' dir='ltr'>sui</span> <span class='ocrx_word' id='word_1_165' title='bbox 823 1302 1009 1355; x_wconf 89' lang='lat' dir='ltr'>temporis</span> <span class='ocrx_word' id='word_1_166' title='bbox 1024 1303 1168 1344; x_wconf 89' lang='lat' dir='ltr'>Catulli</span> <span class='ocrx_word' id='word_1_167' title='bbox 1188 1310 1227 1343; x_wconf 91' lang='lat' dir='ltr'>et</span> <span class='ocrx_word' id='word_1_168' title='bbox 1248 1303 1422 1355; x_wconf 88' lang='lat' dir='ltr'>Properti</span> <span class='ocrx_word' id='word_1_169' title='bbox 1440 1316 1509 1343; x_wconf 86' lang='lat' dir='ltr'>eos</span> 
     </span>
     <span class='ocr_line' id='line_1_20' title="bbox 198 1366 1509 1418; baseline -0.003 -8"><span class='ocrx_word' id='word_1_170' title='bbox 198 1369 400 1410; x_wconf 89' lang='lat' dir='ltr'>uolumina</span> <span class='ocrx_word' id='word_1_171' title='bbox 418 1369 603 1409; x_wconf 86' lang='lat' dir='ltr'>euoluere</span> <span class='ocrx_word' id='word_1_172' title='bbox 621 1373 798 1407; x_wconf 77' lang='lat' dir='ltr'>autumat</span> <span class='ocrx_word' id='word_1_173' title='bbox 814 1366 1035 1416; x_wconf 84' lang='lat' dir='ltr'>(Schwabe,</span> <span class='ocrx_word' id='word_1_174' title='bbox 1054 1368 1254 1406; x_wconf 81' lang='lat' dir='ltr'>Testimon.</span> <span class='ocrx_word' id='word_1_175' title='bbox 1269 1379 1307 1418; x_wconf 92' lang='lat' dir='ltr'>p.</span> <span class='ocrx_word' id='word_1_176' title='bbox 1323 1367 1400 1418; x_wconf 81' lang='lat' dir='ltr'><strong>xv).</strong></span> <span class='ocrx_word' id='word_1_177' title='bbox 1449 1368 1509 1406; x_wconf 89' lang='lat' dir='ltr'>Ac</span> 
     </span>
     <span class='ocr_line' id='line_1_21' title="bbox 198 1431 1508 1483; baseline -0.002 -9"><span class='ocrx_word' id='word_1_178' title='bbox 198 1442 335 1474; x_wconf 90' lang='lat' dir='ltr'>notum</span> <span class='ocrx_word' id='word_1_179' title='bbox 359 1433 435 1473; x_wconf 89' lang='lat' dir='ltr'>iam</span> <span class='ocrx_word' id='word_1_180' title='bbox 455 1432 599 1475; x_wconf 82' lang='lat' dir='ltr'>Catulli</span> <span class='ocrx_word' id='word_1_181' title='bbox 625 1432 768 1471; x_wconf 88' lang='lat' dir='ltr'>librum</span> <span class='ocrx_word' id='word_1_182' title='bbox 794 1433 912 1471; x_wconf 89' lang='lat' dir='ltr'>fuisse</span> <span class='ocrx_word' id='word_1_183' title='bbox 935 1445 982 1471; x_wconf 86' lang='lat' dir='ltr'>ex</span> <span class='ocrx_word' id='word_1_184' title='bbox 1005 1431 1128 1471; x_wconf 89' lang='lat' dir='ltr'>tribus</span> <span class='ocrx_word' id='word_1_185' title='bbox 1154 1438 1307 1471; x_wconf 85' lang='lat' dir='ltr'>constat</span> <span class='ocrx_word' id='word_1_186' title='bbox 1332 1431 1508 1483; x_wconf 87' lang='lat' dir='ltr'>epistulis</span> 
     </span>
     <span class='ocr_line' id='line_1_22' title="bbox 199 1495 1509 1548; baseline -0.002 -10"><span class='ocrx_word' id='word_1_187' title='bbox 199 1498 339 1540; x_wconf 91' lang='lat' dir='ltr'>Coluci</span> <span class='ocrx_word' id='word_1_188' title='bbox 377 1496 540 1538; x_wconf 80' lang='lat' dir='ltr'>Salutati</span> <span class='ocrx_word' id='word_1_189' title='bbox 577 1495 743 1548; x_wconf 82' lang='lat'>(†140⁶)</span> <span class='ocrx_word' id='word_1_190' title='bbox 777 1495 929 1546; x_wconf 85' lang='lat' dir='ltr'>seriptis</span> <span class='ocrx_word' id='word_1_191' title='bbox 965 1507 1073 1535; x_wconf 88' lang='lat' dir='ltr'>anno</span> <span class='ocrx_word' id='word_1_192' title='bbox 1113 1509 1129 1534; x_wconf 79' lang='grc' dir='ltr'><strong><em>ι</em></strong></span> <span class='ocrx_word' id='word_1_193' title='bbox 1137 1506 1226 1546; x_wconf 84' lang='lat'>374,</span> <span class='ocrx_word' id='word_1_194' title='bbox 1264 1508 1430 1547; x_wconf 86' lang='lat' dir='ltr'>quorum</span> <span class='ocrx_word' id='word_1_195' title='bbox 1469 1497 1509 1536; x_wconf 89' lang='lat' dir='ltr'>in</span> 
     </span>
     <span class='ocr_line' id='line_1_23' title="bbox 199 1558 1511 1611; baseline -0.001 -9"><span class='ocrx_word' id='word_1_196' title='bbox 199 1575 279 1602; x_wconf 87' lang='lat' dir='ltr'>una</span> <span class='ocrx_word' id='word_1_197' title='bbox 298 1563 599 1601; x_wconf 89' lang='lat' dir='ltr'>Beneuenutum</span> <span class='ocrx_word' id='word_1_198' title='bbox 618 1560 670 1599; x_wconf 92' lang='lat' dir='ltr'>de</span> <span class='ocrx_word' id='word_1_199' title='bbox 693 1559 831 1608; x_wconf 82' lang='lat' dir='ltr'>Imola,</span> <span class='ocrx_word' id='word_1_200' title='bbox 853 1558 894 1599; x_wconf 90' lang='lat' dir='ltr'>in</span> <span class='ocrx_word' id='word_1_201' title='bbox 912 1559 1067 1599; x_wconf 89' lang='lat' dir='ltr'>duabus</span> <span class='ocrx_word' id='word_1_202' title='bbox 1086 1558 1304 1611; x_wconf 82' lang='lat' dir='ltr'>Casparum</span> <span class='ocrx_word' id='word_1_203' title='bbox 1323 1560 1375 1600; x_wconf 93' lang='lat' dir='ltr'>de</span> <span class='ocrx_word' id='word_1_204' title='bbox 1395 1562 1511 1601; x_wconf 88' lang='lat' dir='ltr'>Broa-</span> 
     </span>
     <span class='ocr_line' id='line_1_24' title="bbox 200 1622 1510 1678; baseline 0 -13"><span class='ocrx_word' id='word_1_205' title='bbox 200 1626 321 1678; x_wconf 90' lang='lat' dir='ltr'>spinis</span> <span class='ocrx_word' id='word_1_206' title='bbox 347 1625 528 1677; x_wconf 87' lang='lat' dir='ltr'>implorat</span> <span class='ocrx_word' id='word_1_207' title='bbox 552 1631 596 1664; x_wconf 90' lang='lat' dir='ltr'>ut</span> <span class='ocrx_word' id='word_1_208' title='bbox 621 1622 767 1665; x_wconf 83' lang='lat' dir='ltr'>Catulli</span> <span class='ocrx_word' id='word_1_209' title='bbox 794 1625 991 1675; x_wconf 88' lang='lat' dir='ltr'>exemplar</span> <span class='ocrx_word' id='word_1_210' title='bbox 1018 1624 1070 1663; x_wconf 85' lang='lat' dir='ltr'>ad</span> <span class='ocrx_word' id='word_1_211' title='bbox 1098 1636 1140 1663; x_wconf 92' lang='lat' dir='ltr'>se</span> <span class='ocrx_word' id='word_1_212' title='bbox 1167 1623 1510 1665; x_wconf 85' lang='lat' dir='ltr'>transmittendum</span> 
     </span>
     <span class='ocr_line' id='line_1_25' title="bbox 200 1698 318 1730; baseline -0.008 0"><span class='ocrx_word' id='word_1_213' title='bbox 200 1698 318 1730; x_wconf 88' lang='lat' dir='ltr'>curet.</span> 
     </span>
    </p>

    <p class='ocr_par' dir='ltr' id='par_1_3' title="bbox 201 1751 1513 2127">
     <span class='ocr_line' id='line_1_26' title="bbox 254 1751 1512 1795; baseline -0.002 0"><span class='ocrx_word' id='word_1_214' title='bbox 254 1755 368 1794; x_wconf 87' lang='lat' dir='ltr'>Haec</span> <span class='ocrx_word' id='word_1_215' title='bbox 382 1767 430 1795; x_wconf 83' lang='lat' dir='ltr'>ex</span> <span class='ocrx_word' id='word_1_216' title='bbox 441 1752 615 1794; x_wconf 87' lang='lat' dir='ltr'>editione</span> <span class='ocrx_word' id='word_1_217' title='bbox 627 1751 774 1792; x_wconf 89' lang='lat' dir='ltr'>maiore</span> <span class='ocrx_word' id='word_1_218' title='bbox 784 1751 894 1792; x_wconf 83' lang='lat' dir='ltr'>attuli</span> <span class='ocrx_word' id='word_1_219' title='bbox 910 1759 952 1792; x_wconf 89' lang='lat' dir='ltr'>ut</span> <span class='ocrx_word' id='word_1_220' title='bbox 965 1753 1275 1793; x_wconf 83' lang='lat' dir='ltr'>demonstrarem</span> <span class='ocrx_word' id='word_1_221' title='bbox 1286 1753 1339 1793; x_wconf 85' lang='lat' dir='ltr'>ab</span> <span class='ocrx_word' id='word_1_222' title='bbox 1350 1752 1512 1793; x_wconf 87' lang='lat' dir='ltr'>ineunte</span> 
     </span>
     <span class='ocr_line' id='line_1_27' title="bbox 201 1816 1512 1870; baseline -0.001 -10"><span class='ocrx_word' id='word_1_223' title='bbox 201 1821 280 1860; x_wconf 81' lang='lat' dir='ltr'>sere</span> <span class='ocrx_word' id='word_1_224' title='bbox 305 1831 404 1860; x_wconf 83' lang='lat' dir='ltr'>saec.</span> <span class='ocrx_word' id='word_1_225' title='bbox 432 1818 497 1858; x_wconf 83' lang='lat' dir='ltr'>xiv</span> <span class='ocrx_word' id='word_1_226' title='bbox 519 1824 660 1870; x_wconf 75' lang='lat' dir='ltr'>poetae</span> <span class='ocrx_word' id='word_1_227' title='bbox 687 1816 809 1857; x_wconf 89' lang='lat' dir='ltr'>nostri</span> <span class='ocrx_word' id='word_1_228' title='bbox 834 1816 1009 1857; x_wconf 83' lang='lat' dir='ltr'>carmina</span> <span class='ocrx_word' id='word_1_229' title='bbox 1035 1818 1174 1858; x_wconf 88' lang='lat' dir='ltr'>saltem</span> <span class='ocrx_word' id='word_1_230' title='bbox 1202 1817 1243 1857; x_wconf 90' lang='lat' dir='ltr'>in</span> <span class='ocrx_word' id='word_1_231' title='bbox 1272 1818 1385 1858; x_wconf 86' lang='lat' dir='ltr'>Italia</span> <span class='ocrx_word' id='word_1_232' title='bbox 1412 1819 1512 1859; x_wconf 85' lang='lat' dir='ltr'>lecta</span> 
     </span>
     <span class='ocr_line' id='line_1_28' title="bbox 201 1881 1512 1933; baseline -0.001 -9"><span class='ocrx_word' id='word_1_233' title='bbox 201 1885 331 1924; x_wconf 82' lang='lat' dir='ltr'>fuisse.</span> <span class='ocrx_word' id='word_1_234' title='bbox 387 1884 465 1923; x_wconf 88' lang='lat' dir='ltr'>Sed</span> <span class='ocrx_word' id='word_1_235' title='bbox 499 1884 598 1922; x_wconf 89' lang='lat' dir='ltr'>miro</span> <span class='ocrx_word' id='word_1_236' title='bbox 629 1894 723 1922; x_wconf 70' lang='lat' dir='ltr'>msu</span> <span class='ocrx_word' id='word_1_237' title='bbox 757 1894 831 1922; x_wconf 91' lang='lat' dir='ltr'>nec</span> <span class='ocrx_word' id='word_1_238' title='bbox 859 1881 951 1922; x_wconf 91' lang='lat' dir='ltr'>satis</span> <span class='ocrx_word' id='word_1_239' title='bbox 981 1883 1182 1933; x_wconf 86' lang='lat' dir='ltr'>explorato</span> <span class='ocrx_word' id='word_1_240' title='bbox 1211 1882 1355 1921; x_wconf 78' lang='lat' dir='ltr'>factum</span> <span class='ocrx_word' id='word_1_241' title='bbox 1382 1889 1442 1922; x_wconf 87' lang='lat' dir='ltr'>est</span> <span class='ocrx_word' id='word_1_242' title='bbox 1468 1890 1512 1923; x_wconf 91' lang='lat' dir='ltr'>ut</span> 
     </span>
     <span class='ocr_line' id='line_1_29' title="bbox 202 1945 1511 2000; baseline -0.002 -12"><span class='ocrx_word' id='word_1_243' title='bbox 202 1959 475 2000; x_wconf 88' lang='lat' dir='ltr'>quaecumque</span> <span class='ocrx_word' id='word_1_244' title='bbox 511 1948 651 1987; x_wconf 87' lang='lat' dir='ltr'>horum</span> <span class='ocrx_word' id='word_1_245' title='bbox 689 1946 924 1999; x_wconf 86' lang='lat' dir='ltr'>exemplaria</span> <span class='ocrx_word' id='word_1_246' title='bbox 959 1945 1179 1998; x_wconf 88' lang='lat' dir='ltr'>colligimus</span> <span class='ocrx_word' id='word_1_247' title='bbox 1216 1947 1280 1985; x_wconf 87' lang='lat' dir='ltr'>uel</span> <span class='ocrx_word' id='word_1_248' title='bbox 1317 1946 1435 1987; x_wconf 78' lang='lat' dir='ltr'>fuisse</span> <span class='ocrx_word' id='word_1_249' title='bbox 1472 1946 1511 1986; x_wconf 91' lang='lat' dir='ltr'>in</span> 
     </span>
     <span class='ocr_line' id='line_1_30' title="bbox 204 2010 1513 2062; baseline -0.001 -10"><span class='ocrx_word' id='word_1_250' title='bbox 204 2012 385 2052; x_wconf 91' lang='lat' dir='ltr'>manibus</span> <span class='ocrx_word' id='word_1_251' title='bbox 412 2011 591 2059; x_wconf 87' lang='lat' dir='ltr'>Mussati,</span> <span class='ocrx_word' id='word_1_252' title='bbox 619 2010 868 2062; x_wconf 85' lang='lat' dir='ltr'>Pastrengici,</span> <span class='ocrx_word' id='word_1_253' title='bbox 898 2012 1101 2051; x_wconf 72' lang='lat' dir='ltr'>Petrai-cae</span> <span class='ocrx_word' id='word_1_254' title='bbox 1126 2011 1190 2050; x_wconf 86' lang='lat' dir='ltr'>uel</span> <span class='ocrx_word' id='word_1_255' title='bbox 1216 2018 1370 2061; x_wconf 87' lang='lat' dir='ltr'>praesto</span> <span class='ocrx_word' id='word_1_256' title='bbox 1395 2010 1513 2051; x_wconf 80' lang='lat' dir='ltr'>fuisse</span> 
     </span>
     <span class='ocr_line' id='line_1_31' title="bbox 203 2075 1512 2127; baseline -0.001 -10"><span class='ocrx_word' id='word_1_257' title='bbox 203 2077 340 2117; x_wconf 88' lang='lat' dir='ltr'>ceteris</span> <span class='ocrx_word' id='word_1_258' title='bbox 366 2089 466 2127; x_wconf 91' lang='lat' dir='ltr'>quos</span> <span class='ocrx_word' id='word_1_259' title='bbox 492 2076 592 2116; x_wconf 90' lang='lat' dir='ltr'>intra</span> <span class='ocrx_word' id='word_1_260' title='bbox 618 2088 745 2116; x_wconf 86' lang='lat' dir='ltr'>annos</span> <span class='ocrx_word' id='word_1_261' title='bbox 775 2087 1007 2127; x_wconf 81' lang='lat'><strong>1323-1375</strong></span> <span class='ocrx_word' id='word_1_262' title='bbox 1037 2076 1237 2116; x_wconf 84' lang='lat' dir='ltr'>Catullum</span> <span class='ocrx_word' id='word_1_263' title='bbox 1266 2075 1403 2127; x_wconf 85' lang='lat' dir='ltr'>legisse</span> <span class='ocrx_word' id='word_1_264' title='bbox 1430 2075 1512 2116; x_wconf 85' lang='lat' dir='ltr'>ueri</span> 
     </span>
    </p>

    <p class='ocr_par' dir='ltr' id='par_1_4' title="bbox 204 2170 1511 2298">
     <span class='ocr_line' id='line_1_32' title="bbox 247 2170 1511 2213; baseline 0 -10"><span class='ocrx_word' id='word_1_265' title='bbox 247 2172 259 2192; x_wconf 85' lang='lat'><em>¹</em></span> <span class='ocrx_word' id='word_1_266' title='bbox 280 2172 322 2205; x_wconf 85' lang='lat' dir='ltr'>A.</span> <span class='ocrx_word' id='word_1_267' title='bbox 341 2171 467 2213; x_wconf 80' lang='lat' dir='ltr'>Gloria,</span> <span class='ocrx_word' id='word_1_268' title='bbox 483 2171 685 2205; x_wconf 74' lang='lat' dir='ltr'>Docunoenn·</span> <span class='ocrx_word' id='word_1_269' title='bbox 694 2171 806 2204; x_wconf 63' lang='lat' dir='ltr'>inediti</span> <span class='ocrx_word' id='word_1_270' title='bbox 821 2172 951 2204; x_wconf 48' lang='lat' dir='ltr'>extumo</span> <span class='ocrx_word' id='word_1_271' title='bbox 964 2182 986 2204; x_wconf 82' lang='lat' dir='ltr'><em>a</em></span> <span class='ocrx_word' id='word_1_272' title='bbox 1006 2170 1182 2204; x_wconf 70' lang='lat' dir='ltr'>Franusm</span> <span class='ocrx_word' id='word_1_273' title='bbox 1195 2171 1347 2204; x_wconf 73' lang='lat' dir='ltr'>Petrum</span> <span class='ocrx_word' id='word_1_274' title='bbox 1362 2182 1380 2203; x_wconf 81' lang='lat' dir='ltr'>e</span> <span class='ocrx_word' id='word_1_275' title='bbox 1398 2171 1511 2203; x_wconf 64' lang='lat' dir='ltr'>Aber-</span> 
     </span>
     <span class='ocr_line' id='line_1_33' title="bbox 204 2213 1511 2255; baseline -0.002 -8"><span class='ocrx_word' id='word_1_276' title='bbox 204 2216 272 2247; x_wconf 72' lang='lat' dir='ltr'>tino</span> <span class='ocrx_word' id='word_1_277' title='bbox 287 2214 440 2246; x_wconf 76' lang='lat' dir='ltr'>Mussato</span> <span class='ocrx_word' id='word_1_278' title='bbox 453 2225 486 2255; x_wconf 88' lang='lat' dir='ltr'>p.</span> <span class='ocrx_word' id='word_1_279' title='bbox 507 2216 556 2255; x_wconf 72' lang='grc' dir='ltr'>ιδ,</span> <span class='ocrx_word' id='word_1_280' title='bbox 575 2215 738 2247; x_wconf 84' lang='lat' dir='ltr'>Carducci</span> <span class='ocrx_word' id='word_1_281' title='bbox 763 2223 796 2255; x_wconf 86' lang='lat' dir='ltr'>p.</span> <span class='ocrx_word' id='word_1_282' title='bbox 814 2224 878 2254; x_wconf 75' lang='lat'>⁹⁷9</span> <span class='ocrx_word' id='word_1_283' title='bbox 897 2214 970 2246; x_wconf 82' lang='lat' dir='ltr'>libri</span> <span class='ocrx_word' id='word_1_284' title='bbox 990 2213 1154 2247; x_wconf 68' lang='lat' dir='ltr'>Ecm&#39;m&#39;de</span> <span class='ocrx_word' id='word_1_285' title='bbox 1169 2224 1190 2246; x_wconf 91' lang='lat' dir='ltr'>a</span> <span class='ocrx_word' id='word_1_286' title='bbox 1206 2214 1376 2247; x_wconf 78' lang='lat' dir='ltr'>Ludouico</span> <span class='ocrx_word' id='word_1_287' title='bbox 1390 2213 1511 2247; x_wconf 65' lang='lat' dir='ltr'>Padi-in</span> 
     </span>
     <span class='ocr_line' id='line_1_34' title="bbox 205 2255 1511 2298; baseline -0.002 -8"><span class='ocrx_word' id='word_1_288' title='bbox 205 2258 286 2290; x_wconf 79' lang='lat' dir='ltr'>editi</span> <span class='ocrx_word' id='word_1_289' title='bbox 303 2257 477 2289; x_wconf 80' lang='lat' dir='ltr'>Bononiae</span> <span class='ocrx_word' id='word_1_290' title='bbox 493 2268 522 2289; x_wconf 82' lang='lat' dir='ltr'>a.</span> <span class='ocrx_word' id='word_1_291' title='bbox 543 2267 635 2298; x_wconf 80' lang='lat'>1900.</span> <span class='ocrx_word' id='word_1_292' title='bbox 683 2257 835 2290; x_wconf 73' lang='lat' dir='ltr'>Eoerlnis</span> <span class='ocrx_word' id='word_1_293' title='bbox 846 2257 964 2290; x_wconf 77' lang='lat' dir='ltr'>titulus</span> <span class='ocrx_word' id='word_1_294' title='bbox 973 2263 1026 2290; x_wconf 81' lang='lat' dir='ltr'>est</span> <span class='ocrx_word' id='word_1_295' title='bbox 1041 2257 1238 2297; x_wconf 72' lang='lat' dir='ltr'>tragoediae</span> <span class='ocrx_word' id='word_1_296' title='bbox 1252 2257 1378 2290; x_wconf 82' lang='lat' dir='ltr'>latinae</span> <span class='ocrx_word' id='word_1_297' title='bbox 1391 2255 1511 2290; x_wconf 71' lang='lat' dir='ltr'>alius-</span> 
     </span>
    </p>
   </div>
   <div class='ocr_carea' id='block_1_3' title="bbox 205 2299 1513 2375">
    <p class='ocr_par' dir='ltr' id='par_1_5' title="bbox 205 2299 1513 2375">
     <span class='ocr_line' id='line_1_35' title="bbox 205 2299 1513 2351; baseline 0 -19"><span class='ocrx_word' id='word_1_298' title='bbox 205 2305 278 2332; x_wconf 79' lang='lat' dir='ltr'>sato</span> <span class='ocrx_word' id='word_1_299' title='bbox 306 2300 527 2351; x_wconf 68' lang='lat' dir='ltr'>conscriptae,</span> <span class='ocrx_word' id='word_1_300' title='bbox 554 2304 694 2341; x_wconf 86' lang='lat' dir='ltr'>propter</span> <span class='ocrx_word' id='word_1_301' title='bbox 719 2309 818 2341; x_wconf 82' lang='lat' dir='ltr'>quarn</span> <span class='ocrx_word' id='word_1_302' title='bbox 845 2301 965 2332; x_wconf 85' lang='lat' dir='ltr'>meruit</span> <span class='ocrx_word' id='word_1_303' title='bbox 991 2299 1085 2332; x_wconf 85' lang='lat' dir='ltr'>lauro</span> <span class='ocrx_word' id='word_1_304' title='bbox 1107 2305 1142 2332; x_wconf 90' lang='lat' dir='ltr'>et</span> <span class='ocrx_word' id='word_1_305' title='bbox 1174 2300 1300 2332; x_wconf 80' lang='lat' dir='ltr'>hedera</span> <span class='ocrx_word' id='word_1_306' title='bbox 1324 2299 1513 2340; x_wconf 72' lang='lat' dir='ltr'>quodannis</span> 
     </span>
     <span class='ocr_line' id='line_1_36' title="bbox 206 2352 369 2375; baseline 0 0"><span class='ocrx_word' id='word_1_307' title='bbox 206 2352 369 2375; x_wconf 78' lang='lat' dir='ltr'>coronari.</span> 
     </span>
    </p>
   </div>
   <div class='ocr_carea' id='block_1_4' title="bbox 841 2397 877 2435">
    <p class='ocr_par' dir='ltr' id='par_1_6' title="bbox 841 2397 877 2435">
     <span class='ocr_line' id='line_1_37' title="bbox 841 2397 877 2435; baseline 0 0"><span class='ocrx_word' id='word_1_308' title='bbox 841 2397 877 2435; x_wconf 88' lang='lat' dir='ltr'>vi</span> 
     </span>
    </p>
   </div>
  </div>
 </body>
</html>
