1682 2690
246 125 491 167 CATVLLI

243 235 451 275 caelicolae
478 235 656 274 nondum
686 241 813 285 spreta
841 233 984 285 pietate
1012 235 1200 274 solebant.

243 312 359 350 saepe
386 306 495 350 pater
521 298 659 338 diuum
688 299 836 348 templo
864 298 903 336 in
932 299 1102 348 fulgente
1129 298 1311 347 reuisens,

241 375 372 401 annua
399 375 489 400 cum
518 361 624 400 festis
653 354 852 400 uenissent
880 374 987 400 sacra
1014 361 1164 409 diebus,

242 425 443 476 conspexit
472 432 571 464 terra
598 432 757 463 centum
786 425 1043 475 procumbere
1070 431 1210 464 tauros.

241 503 357 540 saepe
384 502 506 539 uagus
535 488 653 528 Liber
682 488 841 527 Parnasi
868 487 1013 528 uertice
1040 501 1196 528 summo
1484 506 1549 541 390

240 554 437 604 Thyadas·
453 552 583 592 effusis
611 552 762 592 euantis
791 552 962 592 crinibus
990 552 1078 603 egit,

239 630 330 656 cum
361 617 506 668 Delphi
534 623 616 656 tota
644 616 820 656 certatim
849 630 896 656 ex
923 618 1019 657 urbe
1047 625 1202 657 ruentes

239 681 458 731 acciperent
486 680 576 719 laeti
604 680 741 720 diuum
771 680 1009 720 fumantibus
1036 681 1121 720 aris.

239 757 354 794 saepe
382 744 422 783 in
451 743 600 783 letifero
628 743 720 783 belli
749 744 960 783 certamine
989 745 1149 783 Mauors

237 814 305 846 aut
333 807 457 858 rapidi
485 806 658 846 Tritonis
686 808 779 846 hera
806 814 873 846 aut
902 807 1119 846 Ramnusia
1146 808 1255 859 uirgo
1482 825 1545 860 39⁵

237 877 404 910 armatas
432 870 639 909 hominum
667 877 726 909 est
753 883 937 921 praesens
964 871 1117 910 hortata
1144 878 1329 911 cateruas.

236 935 307 973 sed
334 940 543 984 postquam
572 935 686 973 tellus
714 935 859 974 scelere
885 941 945 974 est
971 933 1123 973 imbuta
1149 936 1330 983 nefando,

236 997 499 1048 iustitiamque
527 1010 665 1037 omnes
693 997 837 1048 cupida
864 999 916 1037 de
943 1005 1076 1037 mente
1102 999 1292 1048 fugarunt,

236 1062 439 1111 perfudere
467 1074 606 1100 manus
633 1062 802 1100 fraterno
829 1060 1018 1111 sanguine
1045 1062 1188 1109 fratres,

235 1124 382 1165 destitit
411 1124 601 1163 extinctos
629 1132 743 1163 natus
770 1125 901 1175 lugere
927 1131 1120 1175 parentes,
1477 1142 1544 1175 400

235 1187 385 1239 optauit
412 1187 563 1238 genitor
589 1188 779 1239 primaeui
806 1189 941 1227 funera
968 1188 1060 1235 nati,

234 1251 331 1291 liber
359 1259 401 1290 ut
429 1251 616 1302 innuptae
643 1258 841 1302 poteretur
867 1253 962 1291 flore
989 1264 1194 1300 nouercae,

234 1316 369 1367 ignaro
398 1323 520 1355 mater
548 1316 799 1355 substernens
826 1329 868 1355 se
896 1315 1016 1367 impia
1042 1323 1137 1355 nato

233 1379 354 1431 impia
381 1393 462 1418 non
490 1379 614 1419 uerita
641 1387 700 1419 est
727 1379 842 1419 diuos
871 1380 1057 1419 scelerare
1083 1387 1273 1431 parentes,

233 1443 366 1482 omnia
393 1444 512 1482 fanda
539 1444 710 1483 nefanda
736 1445 840 1483 malo
868 1443 1056 1494 permixta
1083 1445 1210 1484 furore
1476 1462 1541 1494 40⁵

232 1507 438 1546 iustificam
466 1506 582 1546 nobis
610 1514 782 1547 mentem
809 1515 983 1547 auertere
1010 1509 1185 1547 deorum.

232 1583 351 1621 quare
378 1583 452 1610 nec
479 1570 566 1610 talis
594 1570 802 1622 dignantur
829 1571 953 1610 uisere
981 1579 1128 1619 coetus,

231 1647 306 1674 nec
334 1647 376 1673 se
403 1633 576 1685 contingi
604 1634 803 1685 patiuntur
829 1634 976 1675 lumine
1003 1636 1118 1674 claro.

232 1736 307 1768 Lat.
322 1735 422 1767 class.
441 1746 465 1767 e.
483 1744 522 1775 15
566 1735 646 1767 Post
658 1737 724 1776 386
734 1737 881 1777 sequitur
895 1737 929 1768 in
944 1736 1033 1769 codd.
1053 1737 1143 1769 lxvii.
1162 1747 1202 1770 21
1216 1737 1408 1778 languidior
1421 1743 1539 1771 tenera

231 1779 284 1811 cui
309 1779 400 1819 (com
421 1778 493 1819 Da)
517 1779 671 1819 pendens
695 1779 838 1820 (pedens
860 1778 966 1819 GOC)
988 1779 1096 1812 sicula
1117 1780 1195 1811 beta
1310 1782 1375 1821 388
1397 1791 1471 1814 cum
1494 1782 1539 1814 h:

230 1823 307 1852 dum
321 1824 347 1852 Ω
391 1822 566 1853 uenissent
576 1820 673 1862 th.
689 1822 838 1854 uenisset
850 1825 877 1853 Ω
950 1824 1016 1862 389
1030 1823 1205 1863 prospexit
1216 1821 1273 1854 Da
1320 1824 1539 1863 procumbere

233 1863 330 1895 GOR
338 1863 535 1896 VenACDa·
566 1873 764 1903 procurrere
785 1864 847 1896 La¹
849 1864 914 1906 hp·
944 1874 1104 1905 prorump
1082 1875 1164 1905 pere
1183 1864 1357 1905 Wakefield
1425 1871 1539 1899 tauros

231 1906 308 1937 Ald.
320 1906 360 1938 I.
382 1915 498 1938 currus
514 1909 540 1937 Ω
557 1906 692 1939 Lachm.
823 1917 882 1947 391
902 1907 1060 1947 Thyadas
1078 1906 1108 1939 G
1122 1918 1165 1940 m.
1182 1912 1249 1949 pn,
1261 1906 1415 1940 RBLa¹z
1437 1909 1537 1940 Thia-

231 1949 291 1980 das
302 1947 462 1980 OACVen
470 1952 512 1980 et
515 1959 595 1981 corr.
614 1948 643 1980 G
707 1950 771 1982 esit
788 1948 835 1981 O:
855 1950 945 1981 hesit
959 1959 1066 1990 marg.
1081 1950 1152 1990 egit
1165 1950 1187 1981 1·
1288 1960 1352 1990 392
1374 1956 1538 1983 certatum

233 1990 329 2021 GOR
336 1990 442 2022 Vench
521 1996 659 2023 ruentes
674 2002 696 2023 a
731 1997 896 2024 ·tuentes
908 1995 935 2024 Ω
1045 2001 1109 2032 393
1130 1993 1320 2033 acciperent
1334 1993 1414 2025 Par.
1433 1995 1537 2034 7989:
1566 2018 1576 2027 .

230 2034 398 2073 acciperet
413 2035 440 2064 Ω
527 2034 603 2065 lacti
620 2033 672 2065 Oh
718 2017 788 2074 1261„
805 2034 834 2065 G
849 2045 894 2067 m.
909 2040 984 2076 pn·
1006 2035 1084 2066 lacti
1102 2036 1276 2076 (suprascr.
1291 2034 1366 2075 leti)
1381 2035 1436 2067 R.
1458 2036 1537 2069 lacti
1554 2035 1560 2040 '

230 2076 261 2107 d.
278 2076 508 2116 spumantibus
530 2076 598 2108 aris
618 2075 697 2108 Voss
810 2086 874 2117 395
901 2078 1049 2117 ran(rfin.
1077 2077 1195 2118 G)usia
1217 2080 1267 2109 Ω·
1293 2078 1462 2111 ramnusia
1485 2079 1538 2111 O:

231 2117 429 2150 Amnruusin
446 2119 622 2157 Baehrens,
634 2119 748 2160 Peiper
840 2129 905 2160 399
926 2119 1060 2161 fratres]
1077 2129 1192 2161 manus
1206 2120 1326 2153 fratres
1342 2120 1377 2153 R
1471 2131 1538 2161 4οο

231 2165 330 2192 natos
347 2160 470 2193 GBVen
489 2161 709 2194 Laurentiam'
718 2161 740 2194 11
863 2171 927 2201 40⁹
949 2162 997 2194 uti
1013 2166 1137 2203 nuptae
1157 2153 1289 2203 ’ΜαιΙιΙ
1362 2167 1537 2204 poteretur

230 2203 276 2235 ed.
300 2203 422 2235 Trium
445 2203 611 2243 potiretur
624 2206 651 2235 Ω
773 2214 837 2245 404
850 2209 1174 2246 -ροιιοεεερειτεηιοε
1192 2205 1266 2248 (sic)
1283 2205 1364 2240 Can.
1380 2205 1453 2239 Lat.
1471 2215 1536 2247 33:

231 2250 373 2286 penates
387 2246 444 2279 Al,
464 2246 634 2279 Guarinus
