1682 2690
234 133 474 174 CATVLLI

286 256 457 294 namque
485 256 558 293 ego
586 256 664 281 non
695 243 774 281 ullo
803 255 894 281 uera
922 241 1061 281 timore
1088 248 1226 291 tegam,

232 319 305 346 nec
334 306 365 346 si
395 320 458 346 me
486 305 634 345 infestis
662 305 882 355 discerpent
912 304 1038 343 sidera
1066 304 1191 351 dictis,

286 371 446 410 condita
474 370 569 421 quin
597 369 678 408 ueri
707 368 874 420 pectoris
902 368 1127 420 euoluam):

231 448 311 475 non
341 435 401 474 his
431 442 510 474 tam
539 435 660 473 laetor
688 434 813 480 rebus
845 445 963 483 quam
993 446 1056 472 me
1083 434 1190 473 afore
1218 445 1382 484 semper,
1498 445 1540 483 75

284 500 390 539 afore
418 512 482 538 me
509 511 533 537 a
560 498 745 537 dominae
773 497 918 536 uertice
946 497 1170 545 discrucior,

230 563 390 615 quicum
420 576 504 614 ego,
535 563 631 602 dum
659 561 769 612 uirgo
796 562 999 612 quondam
1027 561 1110 609 fuit,
1140 561 1325 601 omnibus
1353 574 1488 613 expers

284 627 503 679 unguentis,
535 639 613 666 una
641 625 747 665 milia
775 627 897 665 multa
925 625 1018 666 bibi.

230 705 335 732 nunc
364 705 447 739 uos,
478 697 614 741 optato
642 703 739 741 quas
767 690 890 730 iunxit
918 689 1066 729 lumine
1094 690 1220 737 taeda,

284 769 365 795 non
393 763 482 807 post
509 754 704 794 unanimis
733 767 896 805 corpora
923 754 1156 805 coniugibus
1499 761 1544 794 8ο

229 820 368 860 tradite
398 820 593 859 nudantes
623 818 764 858 reiecta
793 825 902 858 ueste
930 818 1104 870 papillas,

282 884 377 935 quin
406 883 578 923 iucunda
607 882 702 921 mihi
731 895 894 922 munera
921 881 1017 922 libet
1044 894 1158 932 onyx,

228 955 356 988 uester
383 961 496 998 onyx,
527 954 635 986 casto
663 946 792 997 petitis
822 959 924 997 quae
954 946 1036 985 iura
1063 945 1194 985 cubili.

281 1013 351 1053 sed
379 1024 480 1063 quae
508 1024 550 1050 se
578 1010 732 1061 impuro
760 1009 870 1050 dedit
899 1009 1102 1057 adulterio,

227 1076 328 1115 illius
356 1089 380 1115 a
407 1076 509 1114 mala
537 1075 643 1114 dona
670 1073 767 1113 leuis
797 1073 906 1112 bibat
936 1072 1039 1112 irrita
1067 1072 1220 1124 puluis:
1499 1080 1541 1122 85

280 1152 451 1190 namque
479 1151 552 1189 ego
579 1138 631 1177 ab
645 1137 828 1188 >indignis
858 1136 1030 1188 praemia
1059 1137 1166 1175 nulla
1192 1142 1295 1188 peto.

227 1205 298 1243 sed
327 1202 459 1254 magis,
490 1216 516 1242 o
544 1209 699 1252 nuptae,
732 1214 885 1252 semper
915 1199 1127 1240 concordia
1155 1206 1303 1239 uestras

271 1315 310 1346 72
334 1306 401 1338 ullo
420 1304 516 1336 Oalz:
538 1304 629 1336 nullo
646 1308 673 1336 Ω
762 1314 803 1345 73
825 1304 915 1336 sime
921 1309 969 1345 p:
992 1303 1102 1335 sinen
1148 1303 1339 1343 discerpent
1354 1301 1411 1334 D:
1434 1302 1541 1334 diser-

226 1353 308 1389 pent
324 1352 351 1380 Ω
410 1347 524 1390 dictis]
542 1348 649 1380 doctis
666 1346 715 1380 O:
739 1347 868 1379 dextris
883 1346 1012 1386 Bentley
1129 1355 1168 1386 74
1191 1345 1271 1385 quin
1292 1344 1326 1375 A
1333 1343 1415 1376 CDa
1432 1343 1537 1377 Laur.

225 1402 276 1432 33.
299 1402 360 1424 12:
383 1392 439 1432 qui
455 1392 495 1423 al.
511 1391 590 1431 quin
607 1390 726 1423 RVen:
750 1390 804 1430 qui
824 1388 1006 1421 GOBLa¹h
1062 1389 1133 1420 ueri
1152 1388 1205 1421 D:
1229 1397 1310 1419 uere
1331 1390 1358 1418 Ω
1374 1387 1443 1418 nisi
1453 1388 1543 1428 quod

226 1445 306 1466 uere
322 1445 361 1466 ex
374 1444 456 1466 uero
472 1437 643 1465 mutatum
658 1437 703 1465 est
718 1433 751 1464 in
769 1432 798 1464 C
881 1432 1032 1464 euoluam
1047 1431 1093 1463 ed.
1113 1431 1229 1463 Parm.
1252 1439 1356 1470 1473:
1379 1430 1500 1462 euolue
1512 1434 1538 1461 Ω

226 1477 371 1511 Condita
397 1477 453 1517 qui
481 1487 560 1508 uere
588 1476 733 1517 pectoris
759 1475 878 1507 euoluo
907 1474 1004 1507 Conr.
1028 1474 1067 1506 de
1088 1474 1182 1505 Atlio
1326 1482 1380 1513 75,
1401 1474 1424 1504 6
1445 1473 1540 1504 afore

226 1521 378 1554 Statius:
401 1520 506 1552 affore
522 1523 568 1552 n:
592 1519 706 1551 abfore
722 1519 801 1560 Dap
897 1528 936 1559 77
961 1527 1120 1558 exspersa
1144 1516 1312 1555 Heinsius,
1334 1515 1540 1558 Conington:

226 1574 390 1604 expressa
412 1562 542 1595 Statius
605 1562 758 1594 omnibus
779 1571 822 1593 ex
845 1570 924 1601 pars
939 1559 1128 1601 Vnguentis
1153 1559 1278 1591 Munro
1295 1559 1407 1599 (1867)
1497 1559 1539 1598 78

226 1607 405 1647 unguentis
421 1609 467 1638 n:
492 1605 652 1645 unguenti
673 1604 798 1636 Canon.
817 1604 888 1636 Lat.
911 1614 953 1644 33
970 1615 978 1635 :
1000 1603 1160 1644 unguenti
1183 1603 1212 1634 si
1228 1602 1364 1634 Lachm.
1383 1600 1540 1642 apodosin

225 1649 662 1724 iss'iss‘ssssaniffiu‘e'sssff‘ff
682 1650 824 1722 enissass
835 1646 984 1721 ‘filiii’
979 1645 1167 1721 0m3¹¹2i212¹
1172 1649 1328 1729 “emmaum
1343 1644 1541 1719 ἔζῖἓεοωῗὲ

227 1737 401 1777 unguentis
471 1702 492 1733 p
546 1745 587 1774 79
608 1701 692 1774 qgails
709 1733 800 1775 Calp.
816 1734 894 1774 1481
913 1745 921 1765 ι
943 1743 1042 1773 quem
1060 1735 1108 1765 n:
1132 1742 1232 1772 quem
1248 1731 1289 1763 al.
1306 1741 1405 1771 quam
1421 1698 1538 1761 ἔβας

225 1789 311 1820 quae
333 1784 358 1820 p
381 1778 493 1811 Scal.:
523 1787 623 1818 quom
646 1776 784 1818 Haupt:
817 1777 893 1817 quis
917 1775 1112 1814 Harberton,
1140 1774 1310 1807 Selembns
1322 1773 1417 1814 stom
1443 1772 1542 1804 Greek

225 1822 424 1863 Anthology,
439 1826 472 1862 p.
484 1830 548 1861 512
679 1821 723 1852 80
745 1830 811 1852 non
829 1825 904 1861 post
918 1830 994 1851 cum
1008 1818 1170 1850 unanimis
1182 1816 1333 1858 iungebat
1342 1815 1537 1856 Harbertou,

226 1869 399 1906 tamquam
415 1864 453 1895 de
466 1863 596 1895 maritis
610 1863 734 1895 dih-tum
749 1864 811 1904 qui
824 1873 937 1895 uxores
953 1872 1068 1894 amare
1081 1861 1241 1893 dederunt
1253 1863 1284 1892 et
1292 1860 1338 1891 sie
1350 1859 1420 1890 iam
1435 1857 1540 1891 Scal.:

225 1918 292 1939 non
311 1908 405 1949 prius
421 1906 596 1939 Palladius
610 1918 618 1939 z
641 1917 706 1938 uno
722 1907 850 1938 animus
866 1910 913 1939 n:
939 1916 1004 1937 uno
1018 1905 1148 1937 animos
1164 1903 1220 1935 Da
1348 1903 1388 1934 81
1414 1902 1540 1933 reiecta

221 1957 265 1993 p:
298 1951 449 1992 ret(rect.
473 1949 600 1992 B)eeta
626 1952 676 1982 n:
707 1951 842 1982 detecta
866 1949 921 1980 Db
1017 1949 1059 1980 82
1082 1947 1162 1988 quin
1178 1945 1339 1978 Lachm.:
1362 1954 1463 1985 quam
1488 1947 1540 1976 n:

224 2005 289 2034 qua
306 1993 391 2026 Bod.
419 1993 496 2025 Lat.
525 1992 626 2025 class.
654 2003 679 2025 e.
711 2003 770 2033 15:
811 2002 898 2033 quae
925 1990 1120 2024 Hammon.
1166 1988 1247 2020 Huc
1269 1988 1366 2029 resero
1385 1986 1477 2028 quod
1495 1990 1542 2018 est

225 2037 260 2068 r'n
281 2036 420 2069 Achillis
445 2036 534 2068 Tatii
552 2035 690 2080 Isagoge
719 2036 768 2068 ad
794 2036 897 2067 Arati
914 2035 1093 2067 Phaenom.
1127 2043 1166 2072 14
1191 2033 1210 2064 ὁ
1233 2030 1444 2071 Καλλίμαχος
1468 2029 1540 2072 πρὶν

225 2078 333 2121 ἀστέρι
364 2081 410 2121 τῷ
441 2079 604 2121 Βερενίκης
631 2079 682 2111 ἐπὶ
710 2079 768 2111 τοῦ
798 2077 964 2118 πλοκάμου
992 2083 1092 2119 φησιν
1120 2074 1153 2108 ὃς
1182 2075 1221 2115 ἐξ,
1240 2074 1322 2107 ἑπτὰ
1349 2072 1540 2113 καταφανῶν

225 2122 390 2164 σύγκειται
477 2123 519 2162 83
536 2122 645 2155 colitis
664 2122 759 2162 Goh,
771 2132 877 2163 marg.
892 2119 1104 2153 Santem'am':
1128 2119 1243 2160 petitis
1258 2117 1325 2158 Da,
1343 2115 1537 2157 Nettleship:

224 2167 366 2207 queritis
381 2166 480 2198 RVen
497 2165 556 2198 CB
568 2166 790 2198 Lam-entiam*
828 2164 901 2196 iure
916 2163 938 2195 h
953 2167 983 2195 et
995 2163 1090 2195 anr.
1125 2162 1232 2194 colitis
1241 2171 1327 2201 quae
1340 2160 1412 2191 iure
1428 2158 1539 2190 cubile

225 2210 367 2241 Bosscha
463 2211 504 2249 84
520 2219 626 2250 seque
642 2220 680 2241 se
696 2208 732 2239 D
746 2219 754 2240 :
777 2209 837 2240 sed
853 2217 940 2248 quae
954 2207 983 2238 si
999 2206 1020 2237 Ιι
1037 2205 1128 2238 Bru'x.
1185 2215 1270 2236 num
1290 2203 1351 2235 sed
1370 2202 1399 2234 si
1414 2211 1501 2242 quae
1517 2202 1536 2232 i.

225 2263 262 2284 se
279 2254 336 2284 det
354 2252 541 2286 adulterio!
641 2253 683 2292 85
705 2252 750 2283 sic
768 2250 918 2283 Statius:
941 2250 1028 2281 illius
1050 2247 1158 2280 amala
1181 2247 1266 2279 leuis
1289 2246 1381 2277 bibat
1404 2245 1491 2276 dona
1514 2244 1535 2276 i.

226 2307 257 2336 p.
283 2296 371 2328 codd.
533 2297 577 2327 86
598 2295 746 2335 indignis
771 2293 941 2326 La¹Daht
973 2291 1153 2331 indignatis
1176 2290 1229 2321 0:
1260 2288 1419 2329 indigetis
1442 2287 1540 2319 GAC

225 2338 330 2371 Laur.
343 2350 395 2381 33.
415 2350 469 2372 12:
489 2339 649 2380 indigetis
659 2338 701 2370 al.
714 2337 860 2377 indignis
870 2336 911 2368 al.
922 2332 1207 2375 indignatisRVen
1295 2333 1336 2372 87
1350 2335 1482 2363 uestras
1494 2335 1535 2371 p:

225 2389 357 2415 nostras
378 2386 404 2414 Ω

1678 1218 1682 1227 ,,
1676 1177 1682 1193 h
1678 1149 1682 1166 ῳ
1673 833 1682 1131 «ξι-..κῃ-σῶιιψιφ-..ιῄε
1677 795 1682 821 ....
1673 740 1682 775 mn.
1669 663 1682 718 ..η’-,Α
