1682 2690
249 119 489 159 CATVLLI

249 227 328 278 qui,
358 241 607 279 quacumque
635 228 783 279 aliquid
812 228 997 279 reperitur
1025 242 1105 268 non
1132 229 1235 270 bene
1263 232 1419 281 factum,

300 294 352 332 ad
381 305 443 331 me
473 306 610 332 omnes
639 294 831 331 clamant:
869 293 995 341 ianua,
1025 294 1141 345 culpa
1168 301 1235 334 tua
1261 302 1329 335 est.

772 368 976 397 CA'IWLLVS

250 422 342 459 Non
371 420 471 459 istuc
498 419 590 459 satis
618 427 676 459 est
704 433 785 459 uno
813 427 852 459 te
879 420 1009 460 dicere
1037 420 1170 469 uerbo,
1518 438 1555 471 ¹5

303 485 372 523 sed
401 485 526 523 facere
555 491 597 522 ut
625 483 754 533 quiuis
782 484 923 523 sentiat
950 491 989 523 et
1017 484 1159 524 uideat.

808 560 935 587 IANVA

251 611 330 660 Qui
359 613 549 663 possum?
603 624 722 651 nemo
750 612 899 662 quaerit
927 625 1001 651 nec
1029 612 1127 652 scire
1154 612 1315 653 laborat.

771 686 976 714 CATVLLVS

303 740 388 779 Nos
416 739 621 778 uolumus:
659 738 774 778 nobis
801 738 931 779 dicere
959 752 1009 778 ne
1036 738 1184 780 dubita.

808 814 935 842 IANVA

251 867 424 907 Primum
453 867 577 918 igitur,
608 866 718 918 uirgo
746 868 855 918 quod
883 868 1001 907 fertur
1028 867 1169 908 tradita
1195 867 1320 916 nobis,

301 933 441 970 falsum
470 938 538 970 est.
596 943 676 970 non
705 930 810 969 illam
839 930 898 970 uir
925 930 1029 982 prior
1055 932 1233 983 attigerit,
1517 947 1559 971 πο

248 994 466 1046 languidior
494 1002 626 1034 tenera
653 994 717 1034 cui
745 995 923 1045 pendens
951 994 1071 1035 sicula
1099 995 1189 1035 beta

302 1073 517 1111 numquam
547 1073 588 1099 se
617 1059 787 1099 mediam
816 1059 970 1099 sustulit
997 1061 1048 1100 ad
1077 1060 1274 1100 tunicam:

248 1125 317 1163 sed
346 1131 454 1175 pater
482 1123 583 1162 illius
611 1123 692 1162 nati
720 1122 887 1163 uiolasse
915 1123 1044 1163 cubile

301 1187 443 1227 dicitur
471 1194 509 1226 et
538 1187 718 1227 miseram
747 1188 1033 1227 conscelerasse
1061 1188 1237 1236 domum,

249 1251 332 1291 siue
360 1252 468 1302 quod
497 1251 618 1302 impia
644 1264 756 1291 mens
784 1264 903 1291 caeco
931 1252 1115 1302 flagrabat
1143 1265 1287 1300 amore,
1518 1268 1557 1301 ²5

302 1329 370 1355 seu
399 1316 508 1366 quod
536 1315 638 1354 iners
666 1314 783 1355 sterili
812 1315 961 1355 semine
989 1322 1102 1355 natus
1130 1323 1222 1364 erat,

249 1386 290 1419 ut
319 1380 587 1430 quaerendum
616 1380 722 1419 unde
751 1381 856 1419 unde
885 1381 982 1419 soret
1011 1380 1214 1420 neruosius
1242 1380 1348 1428 illud,

302 1444 410 1494 quod
438 1450 570 1494 posset
599 1456 736 1482 zonam
765 1444 916 1483 soluere
944 1443 1167 1495 uirgineam.

772 1518 976 1546 CATVLLvs

250 1571 457 1622 Egregium
485 1584 616 1611 narras
644 1570 741 1610 mira
767 1571 911 1622 pietate
939 1579 1150 1622 parentem,

302 1635 370 1686 qui
398 1635 481 1686 ipse
509 1635 568 1674 sui
597 1635 677 1674 nati
706 1635 884 1675 minxerit
913 1635 953 1674 in
981 1635 1181 1686 gremium.
1519 1652 1559 1684 30

248 1737 486 1769 Laurentiani:
518 1737 590 1768 istis
617 1736 673 1768 Da
783 1736 839 1777 qui
865 1742 900 1769 te
923 1740 971 1769 n:
1001 1738 1058 1778 qui
1082 1747 1119 1769 re
1142 1736 1225 1770 Bod.
1253 1737 1327 1769 Lat.
1350 1735 1452 1769 class.
1474 1747 1499 1768 e.
1521 1746 1560 1777 15

248 1781 301 1812 isti
325 1780 451 1820 populo
472 1780 571 1811 ianua
593 1780 742 1820 quidque
760 1780 840 1812 facit
854 1779 1002 1821 Dom'ng
1015 1780 1176 1821 (quidque
1191 1781 1261 1812 iam
1277 1780 1407 1812 Statius
1415 1784 1446 1811 et
1460 1785 1564 1821 nuper

251 1823 388 1863 Vahlen)
404 1834 412 1854 ε
436 1823 492 1863 qui
509 1828 543 1854 te
557 1821 643 1854 Scal.
662 1823 811 1855 mutabat
826 1823 860 1854 in
869 1823 1008 1863 Quinte,
1021 1822 1114 1863 quod
1120 1824 1226 1863 recepit
1235 1822 1370 1855 Lachm.
1410 1826 1560 1854 uerumst

248 1867 299 1897 ius
315 1865 429 1906 populi
445 1865 590 1897 Mum-o:
607 1875 722 1897 uerum
744 1870 796 1898 est
812 1875 850 1897 os
862 1866 977 1906 populi
992 1867 1001 1884 ⁴
1012 1865 1135 1906 ianua,’
1152 1865 1290 1906 Quinte,
1310 1868 1319 1884 ⁸
1333 1865 1436 1905 facit,’
1454 1875 1510 1906 ego
1524 1866 1560 1896 in

247 1909 292 1940 ed.
318 1909 449 1947 maiore,
473 1908 510 1948 tsi
534 1907 680 1941 Herond.
706 1909 752 1940 iii.
772 1919 825 1949 47,
844 1909 865 1939 8
888 1907 999 1949 ἓνγὰρ
1013 1907 1105 1947 πόμ’
1121 1908 1191 1940 ἐστὶ
1204 1908 1262 1948 τῆς
1283 1907 1438 1948 cummim
1460 1907 1561 1948 πάσης

247 1952 305 1983 τοῦ
319 1949 520 1992 Μητροτίμης
541 1950 619 1991 ἔργα
635 1950 803 1982 Κοττάλου
818 1951 921 1983 ταῦτα
1051 1960 1089 1990 17
1112 1951 1190 1991 quid
1207 1960 1342 1991 possum
1359 1953 1386 1981 Ω
1402 1961 1411 1982 t
1433 1950 1558 1991 poesim

247 1994 304 2025 Da
422 1995 462 2025 18
484 1994 581 2025 nobis
593 1993 762 2026 Muretus:
785 1994 879 2026 uobis
891 1996 919 2025 Ω
1033 2003 1076 2026 20
1093 1994 1278 2032 attigerath
1395 2002 1434 2024 οι
1451 2002 1517 2025 om,
1529 1992 1562 2024 Ο

254 2035 324 2068 Vnde
345 2036 392 2068 ad
404 2035 531 2069 LXIV.
557 2038 623 2077 386
723 2047 765 2068 22
783 2038 825 2069 ad
844 2037 1043 2079 Calpurnius
1116 2037 1201 2068 hanc
1222 2039 1267 2068 n:
1280 2037 1361 2078 fini.
1380 2045 1560 2076 numquam

247 2090 286 2112 se
302 2081 336 2111 in
353 2080 497 2111 mediam
519 2080 702 2111 sustulerat
725 2080 869 2112 tunicam
957 2089 999 2118 23
1021 2083 1124 2119 gnate
1142 2079 1198 2111 Da
1283 2089 1324 2119 27
1346 2079 1394 2111 sic
1408 2077 1514 2119 Bergk
1531 2081 1563 2110 ee

248 2127 323 2154 ante
335 2133 412 2154 eum
428 2122 567 2163 Statius,
580 2123 648 2154 nisi
659 2122 749 2163 quod
760 2123 852 2155 hicet
860 2127 922 2165 pm
930 2127 968 2154 ut
980 2121 1099 2153 maluit
1164 2127 1198 2154 et
1212 2122 1457 2163 quma-endas
1469 2121 1561 2153 unde

249 2169 297 2197 n:
321 2171 355 2197 et
375 2166 626 2207 qu(a)erendus
647 2166 757 2207 (-dum
780 2165 880 2208 Bod.)
898 2169 936 2196 ut
957 2165 1046 2196 unde
1062 2164 1118 2196 Da
1141 2164 1223 2198 End.
1243 2165 1318 2197 Lat.
1336 2164 1437 2196 Gass.
1452 2174 1480 2196 e.
1499 2172 1560 2203 ¹5:

249 2213 282 2240 ct
298 2209 509 2248 quaerendus
525 2208 554 2240 is
575 2209 664 2240 unde
690 2207 827 2241 Lachm.
957 2209 1065 2248 31-48
1088 2208 1123 2239 in
1145 2207 1302 2239 codicibus
1328 2207 1564 2239 continuantur

249 2252 317 2283 sine
331 2252 426 2283 omni
439 2255 516 2284 nota
531 2250 765 2282 distn'butiom's
775 2263 786 2283 .·
815 2261 869 2284 eos
884 2251 975 2282 uarie
987 2249 1178 2291 dn'spertiunt
1188 2250 1365 2290 Fmehlich,
1384 2249 1558 2290 Rossbach,

250 2293 415 2333 Schwabe,
425 2292 464 2326 L.
486 2293 630 2333 Mueller,
647 2293 812 2326 Baehnns
939 2303 982 2332 30
1004 2293 1170 2325 minxerat
1194 2291 1346 2324 BLaeDa
1368 2291 1454 2324 Pha.

1643 184 1664 204 ν

1671 278 1682 293 ⁴³.

1652 309 1655 312 ,
1664 293 1682 305 ‘⁸'

1657 312 1682 332 ¹⁴:1¹⁶}

1658 453 1682 479 ⁷3⁶3:

1666 757 1682 807 {l}

1676 809 1682 817 ,

1679 1247 1682 1258 Δ.
1677 1223 1682 1228 Α,
1666 828 1682 1207 „Quaa-„fflxnsssscaealmffsmmffs
