1650 2684
1031 117 1275 159 CARMEN
1306 117 1443 157 LXIV

114 232 308 275 Phasidos
335 234 388 274 ad
415 233 559 273 fluctus
587 239 627 272 et
655 232 754 271 fines
783 233 990 278 Aeetaeos‚

113 311 204 339 cum
233 297 324 338 lecti
352 297 528 345 iuuenes,
559 296 730 348 Argiuae
758 295 900 336 robora
927 294 1057 347 pubis,

109 370 285 403 auratam
314 370 496 414 optantes
525 361 688 403 Colchis
716 368 893 400 auertere
920 361 1066 412 pellem
1423 373 1441 405 5

109 427 195 468 ausi
223 435 315 467 sunt
343 428 447 467 uada
475 428 577 467 salsa
605 426 683 466 cita
711 427 916 466 decurrere
944 424 1081 476 puppi,

110 493 266 532 caerula
293 499 493 531 uerrentes
521 490 700 542 abiegnis
728 503 903 542 aequora
930 489 1082 541 palmis.

109 555 204 596 diua
231 556 376 607 quibus
404 556 577 596 retinens
606 556 648 594 in
676 555 843 595 summis
871 554 1036 594 urbibus
1064 567 1186 602 arces,

108 620 194 671 ipsa
220 620 300 660 leui
328 620 420 660 fecit
448 620 683 660 uolitantem
711 620 871 659 flamine
899 633 1068 666 currum,

109 684 226 736 pinea
253 685 500 737 coniungens
529 686 695 725 inflexae
724 693 829 725 texta
857 685 1023 725 carinae.
1403 699 1440 722 10

108 749 174 788 illa
201 751 340 790 rudem
369 764 486 790 cursu
515 750 641 801 prima
669 750 812 790 imbuit
841 749 1121 800 Amphitriten.

108 826 210 864 quae
239 814 355 854 simul
384 829 431 854 ac
460 822 586 855 rostro
615 822 828 854 uentosum
857 813 1048 865 proscidit
1076 826 1236 865 aequor,

107 885 286 929 tortaque
315 879 478 930 remigio
507 879 658 931 spumis
687 879 863 918 incanuit
891 880 1011 927 unda,

107 955 300 982 emersere
328 944 398 983 feri
427 944 615 983 candenti
644 957 667 984 e
694 944 845 995 gurgite
873 945 1006 983 uultus

105 1019 324 1058 aequoreae
353 1015 574 1048 monstrum
605 1008 798 1048 Nereides
825 1007 1078 1048 admirantes.
1399 1023 1437 1056 15

105 1070 181 1119 illa,
210 1078 331 1123 atque
359 1073 468 1112 haud
495 1072 582 1122 alia,
613 1073 798 1113 uiderunt
826 1074 914 1112 luce
943 1072 1114 1112 marinas

106 1138 289 1177 mortales
318 1137 424 1177 oculi
452 1139 605 1177 nudato
634 1151 799 1189 corpore
828 1139 1036 1189 Nymphas

104 1201 301 1240 nutricum
330 1210 446 1242 tenus
474 1209 671 1242 exstantes
701 1216 724 1242 e
750 1202 901 1254 gurgite
929 1216 1042 1242 cano.

104 1271 190 1306 tum
217 1266 400 1307 Thetidis
430 1269 571 1307 Peleus
600 1267 786 1308 incensus
815 1269 935 1307 fertur
962 1280 1109 1314 amore,

103 1337 188 1370 tum
216 1332 356 1372 Thetis
385 1333 581 1373 humanos
610 1346 692 1372 non
720 1332 900 1385 despexit
928 1334 1182 1383 hymenaeos,
1396 1348 1437 1370 20

104 1403 188 1435 tum
216 1397 379 1437 Thetidi
406 1405 517 1448 pater
544 1398 628 1449 ipse
657 1398 875 1450 iugandum
905 1399 1024 1437 Pelea
1052 1396 1186 1437 sensit.

103 1474 129 1501 0
156 1461 274 1501 nimis
302 1470 439 1513 optato
468 1465 687 1504 saeclorum
716 1471 896 1516 tempore
924 1463 1007 1503 nati

103 1528 252 1575 heroeS‚
285 1529 444 1576 saluete,
475 1529 595 1569 deum
624 1532 772 1580 genus!
810 1543 836 1569 0
865 1530 972 1569 bona
1000 1531 1148 1569 mater!

145 1642 167 1672 3
189 1631 367 1664 fascidicos
383 1633 426 1666 al.
448 1633 610 1674 phasidos
628 1633 756 1666 GBVen
772 1645 780 1665 :
818 1633 932 1675 fasi(ci
948 1633 1093 1675 R)dicos
1111 1632 1176 1664 ΟΕ
1259 1633 1434 1675 aeetaeos]

101 1675 233 1707 oeticos
252 1675 422 1708 GRVenA
429 1676 458 1709 C
466 1686 472 1708 :
507 1677 633 1709 ceticos
657 1677 719 1709 La'
738 1682 769 1708 et
784 1676 815 1708 Ο
829 1678 936 1717 quiin
956 1687 1064 1718 marg.
1084 1676 1180 1708 habet
1193 1675 1236 1708 al.
1257 1677 1436 1709 tetidicos:

102 1722 223 1750 oeteos
234 1719 318 1752 Bod.
337 1719 412 1752 Lat.
427 1720 530 1753 Class.
547 1732 572 1754 e.
591 1731 630 1762 15
789 1731 809 1760 4
833 1721 935 1761 pupis
949 1720 1010 1752 OC
1021 1731 1029 1751 :
1051 1720 1176 1760 puppis
1189 1723 1216 1751 Ω
1293 1722 1316 1751 6
1338 1721 1436 1761 ualda

101 1761 191 1793 salsa
202 1768 365 1804 suprascr.
384 1765 472 1796 uada
490 1764 521 1796 Ο
632 1775 650 1804 7
668 1769 831 1796 uerentes
849 1763 976 1795 OBLa¹
992 1767 1022 1795 et
1039 1764 1068 1796 G
1084 1774 1129 1795 m.
1140 1769 1196 1806 pr.
1284 1774 1324 1795 10
1341 1769 1436 1796 texta

104 1804 181 1837 Oh:
212 1810 300 1838 testa
324 1810 351 1838 Ω
517 1818 553 1839 11
580 1808 688 1849 prima
712 1807 790 1839 Da:
823 1808 964 1847 primam
988 1810 1038 1839 n:
1068 1806 1144 1847 p’ea
1169 1809 1195 1848 (3
1207 1806 1295 1848 p'ra)
1325 1817 1434 1848 marg.

100 1857 236 1887 proram
255 1849 286 1880 Ο
338 1851 568 1891 amphitritem
584 1852 679 1884 GBA
694 1863 701 1883 ε
726 1851 816 1892 a(am
841 1850 1092 1891 ½n)phitritem
1108 1850 1151 1882 al.
1172 1851 1435 1891 amphitrionem

100 1890 221 1923 Rtaen:
245 1893 405 1933 aphitrite
424 1894 456 1925 Ο
470 1894 558 1926 unde
571 1895 607 1926 in
622 1895 670 1927 ed.
692 1905 706 1926 1
724 1895 840 1926 conieci
852 1904 988 1934 proram
1005 1894 1026 1926 i.
1039 1893 1246 1934 Amphitrite
1261 1905 1269 1925 :
1292 1904 1394 1934 prora
1411 1894 1432 1926 i.

100 1933 328 1975 Amphitriten
351 1937 524 1979 Postgate:
550 1939 607 1970 illa
627 1939 702 1970 rudi
726 1949 826 1970 cursu
842 1948 978 1978 proram
995 1937 1015 1969 i.
1035 1938 1241 1977 Amphitrite
1256 1938 1433 1969 Fleisclrer:

100 1977 121 2009 i.
137 1979 255 2010 rudem
268 1989 295 2011 c.
308 1981 454 2021 primum
466 1981 487 2013 i.
500 1981 730 2022 Amphitriten
751 1981 899 2014 Thomas
999 1991 1038 2021 13
1062 1985 1219 2021 tortaque
1234 1980 1282 2012 ed.
1305 1980 1336 2012 T
1335 1981 1411 2012 rinc.
1425 1993 1433 2012 :

100 2025 240 2061 totaque
264 2025 292 2053 Ω
402 2024 577 2056 incanduit
604 2028 631 2056 Ω
796 2036 835 2066 15
860 2030 1049 2058 monstrum
1078 2025 1122 2056 al.
1148 2029 1374 2056 monstrorum
1404 2025 1435 2056 O

99 2065 320 2098 ammirantes
338 2066 370 2097 Ο
503 2070 544 2100 16
565 2068 622 2100 illa
644 2073 746 2109 atque
769 2070 860 2101 haud
876 2070 942 2101 alia
960 2069 1089 2111 Bergk:
1115 2067 1171 2099 illa
1186 2073 1288 2108 atque
1304 2068 1369 2099 alia
1385 2071 1433 2101 Ω;

99 2107 155 2138 illa
179 2108 244 2140 alia
269 2109 320 2141 O:
343 2109 418 2142 illas
439 2115 542 2151 atque
564 2123 596 2144 a.
619 2123 661 2143 a:
697 2112 821 2153 illaque
844 2114 935 2145 haud
958 2124 988 2145 a.
1012 2112 1212 2143 Auantius:
1235 2111 1292 2142 illa
1315 2112 1343 2142 si
1366 2122 1434 2152 qua

100 2160 130 2182 a.
149 2151 308 2186 Lachm.:
333 2153 390 2184 illa
405 2158 443 2185 ut
458 2165 527 2186 non
544 2155 609 2187 alia
624 2155 728 2187 Helm
795 2157 915 2188 uidere
931 2159 958 2187 Ω
1083 2166 1120 2195 17
1146 2155 1234 2186 oculi
1249 2154 1333 2186 Bod.
1353 2153 1430 2186 Lat.

101 2193 206 2227 class.
222 2205 247 2227 e.
270 2204 328 2236 15:
351 2197 460 2229 oculis
475 2201 503 2229 Ω
595 2200 634 2230 18
657 2203 856 2233 extantesn
961 2210 1003 2240 19
1025 2209 1100 2231 cum
1120 2199 1186 2231 OR
1289 2208 1333 2229 20
1356 2209 1433 2229 curn

101 2236 198 2269 GOR
285 2249 324 2271 21
352 2250 428 2271 cum
441 2243 469 2272 Ω
513 2242 623 2274 sensit
639 2245 688 2275 ss:
712 2243 828 2274 sanxit
842 2243 925 2274 Itali
1009 2253 1051 2274 22
1074 2243 1267 2274 seculorum
1284 2241 1430 2274 GORB:

99 2282 288 2322 seculorum
307 2282 342 2313 R
516 2295 559 2324 23
590 2291 698 2317 mater
719 2287 761 2317 al.
781 2291 889 2318 matre
914 2286 976 2318 GR
985 2286 1062 2319 Wn:
1094 2291 1201 2318 matre
1225 2297 1247 2318 a
1320 2285 1429 2318 Schol.

105 2323 267 2357 Wmnens.
294 2325 344 2358 ad
369 2326 451 2369 ng.
477 2327 563 2360 Aen.
590 2340 621 2361 v.
646 2330 691 2360 80
714 2329 868 2362 Catullus
900 2329 1039 2362 Saluete
1063 2330 1163 2361 deum
1186 2339 1275 2370 gens
1297 2339 1318 2361 o
1342 2329 1432 2360 bona

98 2373 242 2400 matrum
268 2369 452 2411 Progenies
467 2371 598 2404 saluete
615 2372 796 2405 iter—dein
810 2374 960 2415 spatium
975 2374 1220 2416 quinquaginta
1226 2374 1297 2415 sm
1311 2373 1428 2405 littera-
