1592 2664
1030 107 1273 148 CARMEN
1301 107 1446 146 XLIII

600 220 746 260 XLIII

226 288 372 335 SALVE,
403 299 477 325 nec
506 284 673 325 minimo
700 285 833 336 puella
860 297 969 332 naso,

226 365 299 391 nec
328 352 433 391 bello
462 352 564 402 pede
592 363 666 390 nec
695 349 813 401 nigris
842 349 987 398 ocellis,

223 430 298 456 nec
326 415 453 466 longis
482 414 613 465 digitis
642 427 716 453 nec
745 427 812 453 ore
841 413 959 462 sicco,

223 495 298 521 nec
327 494 421 521 sane
450 480 566 519 nimis
595 481 773 530 elegante
803 479 946 531 lingua,

223 545 443 585 decoctoris
472 544 600 583 amica
629 543 839 582 Formiani.
1426 560 1443 592 5

222 618 288 649 ten
317 609 521 660 prouincia
548 615 678 648 narrat
705 621 791 648 esse
819 608 965 648 bellam
979 610 997 647 ?

221 681 354 714 tecum
383 672 528 713 Lesbia
555 679 689 713 nostra
717 674 996 724 comparatur?

221 751 246 777 0
274 739 448 778 saeclum
476 737 676 789 insapiens
705 744 744 777 et
771 737 1009 777 infacetum!

648 846 788 885 XLIV

113 928 150 968 O
179 938 318 966 FVNDE
347 932 481 966 noster
508 939 578 966 seu
608 925 754 969 Sabine
783 939 853 966 seu
882 926 1042 975 Tiburs,

112 991 221 1045 (nam
249 999 290 1031 te
316 1004 403 1031 esse
430 990 639 1031 Tiburtem
667 998 888 1039 autumant,
919 991 1065 1042 quibus
1094 1005 1176 1031 non
1205 998 1264 1031 est

110 1055 220 1096 cordi
250 1057 451 1096 Catullum
479 1056 659 1094 laedere:
696 1062 736 1094 at
765 1055 910 1106 quibus
938 1056 1049 1094 cordi
1079 1063 1147 1104 est,

109 1120 252 1172 quouis
282 1120 473 1161 Sabinum
501 1120 665 1172 pignore
693 1133 780 1160 esse
808 1120 1075 1173 contendunt)

108 1187 180 1226 sed
208 1199 278 1225 seu
306 1184 453 1224 Sabine
480 1184 565 1224 siue
592 1185 723 1224 uerius
752 1184 907 1232 Tiburs,
1419 1204 1436 1234 5

108 1249 164 1289 fui
191 1249 359 1289 libenter
386 1249 427 1288 in
455 1255 524 1288 tua
551 1249 779 1289 suburbana

107 1313 211 1362 uilla,
242 1314 467 1364 malamque
495 1319 656 1364 pectore
683 1313 821 1365 exspui
849 1313 1001 1362 tussim,

106 1393 190 1420 non
216 1378 426 1419 inmerenti
453 1392 574 1430 quam
602 1378 700 1418 mihi
729 1393 840 1419 meus
869 1387 1018 1428 uenter,

106 1445 203 1484 dum
231 1451 483 1495 sumptuosas
510 1451 667 1495 appeto,
699 1444 821 1493 dedit,
852 1458 981 1484 cenas.

105 1522 210 1556 nam,
240 1508 441 1549 Sestianus
469 1510 567 1549 dum
595 1510 690 1548 uolo
718 1522 806 1549 esse
833 1509 1016 1558 conuiua,
1394 1527 1434 1550 10

105 1573 324 1614 orationem
352 1573 394 1613 in
421 1573 588 1613 Antium
616 1573 826 1625 petitorem

104 1638 262 1689 plenam
290 1637 435 1679 ueneni
462 1646 502 1678 et
529 1638 775 1690 pestilentiae
802 1639 888 1690 legi.

104 1702 169 1742 hic
197 1716 261 1742 me
287 1703 462 1754 grauedo
490 1703 630 1754 frigida
658 1710 697 1742 et
725 1705 910 1754 frequens
939 1703 1056 1744 tussis

146 1804 260 1837 XLIII
284 1815 361 1837 cum
376 1805 484 1837 XLII
494 1806 690 1837 continuant
702 1805 819 1837 codices
971 1817 985 1838 1
1013 1807 1117 1838 nimio
1135 1806 1281 1848 Scaliger
1299 1818 1339 1839 ex
1361 1808 1427 1841 cod.

105 1847 282 1880 Cuiaciano
297 1849 356 1891 (p)
477 1858 498 1889 5
521 1859 562 1880 ex
577 1849 668 1881 XLI.
686 1860 707 1888 4
722 1850 866 1881 inlatum
883 1853 977 1881 radus
992 1855 1037 1881 est
1047 1850 1187 1882 Iacobus
1202 1850 1329 1882 Mowat
1344 1852 1430 1884 Can-

102 1891 305 1933 tabngzknsss
413 1893 436 1924 6
458 1893 628 1933 prouintia
643 1893 734 1924 BRh
852 1894 873 1924 8
895 1904 916 1924 o
933 1895 1051 1925 sedum
1069 1894 1133 1926 OB
1199 1895 1374 1935 insapiens
1390 1899 1429 1934 Ω,

101 1934 257 1966 Emstius
275 1935 350 1968 Var.
371 1935 543 1968 obseruas.
562 1937 584 1968 i.
605 1945 664 1976 15:
689 1936 855 1977 insipiens
867 1947 898 1977 a,
914 1936 1066 1969 Muretus
1153 1942 1256 1978 atque
1275 1937 1375 1969 GVen

144 1977 257 2010 XLIV
277 1989 353 2010 cum
369 1979 498 2012 XLIII
507 1980 703 2013 continuant
716 1983 743 2010 Ω
884 1990 904 2011 2
927 1991 1002 2012 cum
1020 1991 1154 2012 erasum
1171 1985 1246 2013 ante
1261 1982 1382 2021 quibus
1401 1982 1430 2013 G

100 2031 121 2061 4
144 2022 288 2062 pignore
309 2022 439 2054 Acha:
470 2023 624 2064 pignoris
646 2026 674 2054 Ω
826 2034 843 2064 7
869 2023 963 2066 uilla]
994 2024 1097 2056 uilam
1124 2024 1191 2057 cod.
1218 2024 1431 2056 Ashburnen'

101 2065 289 2105 malamque
309 2065 389 2097 Ald.
412 2065 435 2097 I
444 2076 453 2097 z
479 2066 648 2106 aliamque
672 2066 760 2098 mdd.
874 2069 995 2108 exspui
1017 2068 1153 2109 scripsi:
1179 2068 1285 2107 expui
1308 2068 1428 2100 tussim

99 2106 260 2148 Scaliger:
284 2109 448 2148 expulsus
470 2109 532 2142 sim
556 2113 604 2140 n:
629 2110 744 2150 expuli
761 2114 785 2142 t.
805 2109 982 2142 Auantius
1141 2112 1162 2142 8
1186 2121 1282 2142 meus
1306 2116 1427 2143 uenter

98 2150 274 2182 Faernus:
306 2161 404 2184 mens
425 2157 545 2186 uei-tur
567 2152 851 2185 GORVenLa¹C:
884 2156 1027 2186 uertitur
1054 2164 1151 2186 mens
1171 2154 1215 2187 al.
1235 2159 1353 2187 uei-tur
1374 2155 1425 2188 B:

99 2203 196 2226 mens
222 2199 375 2226 uertetur
404 2195 470 2228 cod.
507 2195 718 2228 Ashburnm·
901 2208 941 2230 10
965 2199 1040 2230 sest.
1073 2198 1105 2229 O
1267 2199 1427 2239 conuiuia

99 2236 157 2268 R:
189 2238 347 2270 conuiuia
374 2243 430 2279 pr.
462 2239 528 2271 Vm
745 2250 780 2271 11
811 2240 999 2273 orationem
1031 2242 1106 2283 (-ne
1143 2241 1190 2282 O)
1225 2242 1425 2274 minantium

98 2280 279 2320 petitorum
293 2282 398 2323 (-rem
410 2282 460 2314 0:
477 2283 652 2323 petitorem
663 2283 839 2325 (suprascr.
852 2285 890 2325 u)
902 2285 949 2325 R)
961 2289 1004 2316 n:
1026 2285 1314 2317 corratitFaemus
1327 2305 1330 2307 v
1387 2295 1424 2326 13

97 2323 282 2400 ῑιοὲΑΞνη.
296 2326 446 2365 grauedo
462 2326 570 2359 ACa:
593 2327 736 2366 grauido
755 2327 1060 2360 GORVenBLa¹D
1316 2373 1339 2404 8
