<?xml version="1.0" encoding="UTF-8"?>
<!DOCTYPE html PUBLIC "-//W3C//DTD XHTML 1.0 Transitional//EN"
    "http://www.w3.org/TR/xhtml1/DTD/xhtml1-transitional.dtd">
<html xmlns="http://www.w3.org/1999/xhtml" xml:lang="en" lang="en">
 <head>
  <title>
</title>
<meta http-equiv="Content-Type" content="text/html;charset=utf-8" />
  <meta name='ocr-system' content='tesseract 3.04.00' />
  <meta name='ocr-capabilities' content='ocr_page ocr_carea ocr_par ocr_line ocrx_word'/>
</head>
<body>
  <div class='ocr_page' id='page_1' title='image "./carminarecognovi00catuuoft_0081.png"; bbox 0 0 1650 2684; ppageno 0'>
   <div class='ocr_carea' id='block_1_1' title="bbox 1033 98 1459 158">
    <p class='ocr_par' dir='ltr' id='par_1_1' title="bbox 1033 98 1459 158">
     <span class='ocr_line' id='line_1_1' title="bbox 1033 98 1459 158; baseline -0.007 -19"><span class='ocrx_word' id='word_1_1' title='bbox 1033 98 1276 139; x_wconf 86' lang='lat' dir='ltr'>CARMEN</span> <span class='ocrx_word' id='word_1_2' title='bbox 1307 99 1459 158; x_wconf 28' lang='lat' dir='ltr'>LXIV·</span> 
     </span>
    </p>
   </div>
   <div class='ocr_carea' id='block_1_2' title="bbox 104 211 1443 1759">
    <p class='ocr_par' dir='ltr' id='par_1_2' title="bbox 114 211 1045 267">
     <span class='ocr_line' id='line_1_2' title="bbox 114 211 1045 267; baseline -0.009 -10"><span class='ocrx_word' id='word_1_3' title='bbox 114 216 236 257; x_wconf 89' lang='lat' dir='ltr'><strong>tincta</strong></span> <span class='ocrx_word' id='word_1_4' title='bbox 264 215 359 267; x_wconf 85' lang='lat' dir='ltr'><strong>tegit</strong></span> <span class='ocrx_word' id='word_1_5' title='bbox 386 226 502 254; x_wconf 88' lang='lat' dir='ltr'><strong>roseo</strong></span> <span class='ocrx_word' id='word_1_6' title='bbox 530 211 714 263; x_wconf 88' lang='lat' dir='ltr'>conchyli</span> <span class='ocrx_word' id='word_1_7' title='bbox 742 224 913 263; x_wconf 86' lang='lat' dir='ltr'>purpura</span> <span class='ocrx_word' id='word_1_8' title='bbox 942 212 1045 250; x_wconf 89' lang='lat' dir='ltr'><strong>fuco.</strong></span> 
     </span>
    </p>

    <p class='ocr_par' dir='ltr' id='par_1_3' title="bbox 112 275 1443 400">
     <span class='ocr_line' id='line_1_3' title="bbox 113 275 1443 332; baseline -0.008 -10"><span class='ocrx_word' id='word_1_9' title='bbox 113 283 210 322; x_wconf 88' lang='lat' dir='ltr'><strong>haec</strong></span> <span class='ocrx_word' id='word_1_10' title='bbox 238 280 359 321; x_wconf 89' lang='lat' dir='ltr'><strong>uestis</strong></span> <span class='ocrx_word' id='word_1_11' title='bbox 388 279 525 332; x_wconf 84' lang='lat' dir='ltr'><strong>priscis</strong></span> <span class='ocrx_word' id='word_1_12' title='bbox 554 278 763 318; x_wconf 90' lang='lat' dir='ltr'><strong>hominum</strong></span> <span class='ocrx_word' id='word_1_13' title='bbox 792 276 940 315; x_wconf 88' lang='lat' dir='ltr'><strong>uariata</strong></span> <span class='ocrx_word' id='word_1_14' title='bbox 969 275 1100 326; x_wconf 84' lang='lat' dir='ltr'><strong>figuris</strong></span> <span class='ocrx_word' id='word_1_15' title='bbox 1402 290 1443 323; x_wconf 81' lang='lat'><strong>50</strong></span> 
     </span>
     <span class='ocr_line' id='line_1_4' title="bbox 112 342 894 400; baseline -0.009 -13"><span class='ocrx_word' id='word_1_16' title='bbox 112 348 277 387; x_wconf 90' lang='lat' dir='ltr'><strong>heroum</strong></span> <span class='ocrx_word' id='word_1_17' title='bbox 305 345 404 385; x_wconf 89' lang='lat' dir='ltr'><strong>mira</strong></span> <span class='ocrx_word' id='word_1_18' title='bbox 432 344 597 384; x_wconf 89' lang='lat' dir='ltr'><strong>uirtutes</strong></span> <span class='ocrx_word' id='word_1_19' title='bbox 625 342 775 400; x_wconf 85' lang='lat' dir='ltr'><strong>indicat</strong></span> <span class='ocrx_word' id='word_1_20' title='bbox 803 349 894 381; x_wconf 89' lang='lat' dir='ltr'><strong>arte.</strong></span> 
     </span>
    </p>

    <p class='ocr_par' dir='ltr' id='par_1_4' title="bbox 113 406 1123 462">
     <span class='ocr_line' id='line_1_5' title="bbox 113 406 1123 462; baseline -0.006 -11"><span class='ocrx_word' id='word_1_21' title='bbox 113 424 285 462; x_wconf 89' lang='lat' dir='ltr'><strong>namque</strong></span> <span class='ocrx_word' id='word_1_22' title='bbox 313 409 554 449; x_wconf 88' lang='lat' dir='ltr'>fluentisono</span> <span class='ocrx_word' id='word_1_23' title='bbox 581 414 839 459; x_wconf 87' lang='lat' dir='ltr'>prospectans</span> <span class='ocrx_word' id='word_1_24' title='bbox 868 406 981 446; x_wconf 87' lang='lat' dir='ltr'><strong>litore</strong></span> <span class='ocrx_word' id='word_1_25' title='bbox 1011 406 1123 453; x_wconf 84' lang='lat' dir='ltr'><strong>Diae,</strong></span> 
     </span>
    </p>

    <p class='ocr_par' dir='ltr' id='par_1_5' title="bbox 111 473 1087 516">
     <span class='ocr_line' id='line_1_6' title="bbox 111 473 1087 516; baseline -0.006 0"><span class='ocrx_word' id='word_1_26' title='bbox 111 478 267 516; x_wconf 90' lang='lat' dir='ltr'><strong>Thesea</strong></span> <span class='ocrx_word' id='word_1_27' title='bbox 295 476 506 515; x_wconf 84' lang='lat' dir='ltr'><strong>cedentem</strong></span> <span class='ocrx_word' id='word_1_28' title='bbox 533 473 652 513; x_wconf 92' lang='lat' dir='ltr'><strong>celeri</strong></span> <span class='ocrx_word' id='word_1_29' title='bbox 679 486 773 512; x_wconf 89' lang='lat' dir='ltr'><strong>cum</strong></span> <span class='ocrx_word' id='word_1_30' title='bbox 801 473 927 512; x_wconf 91' lang='lat' dir='ltr'><strong>classe</strong></span> <span class='ocrx_word' id='word_1_31' title='bbox 955 478 1087 511; x_wconf 91' lang='lat' dir='ltr'><strong>tuetur</strong></span> 
     </span>
    </p>

    <p class='ocr_par' dir='ltr' id='par_1_6' title="bbox 111 537 1107 589">
     <span class='ocr_line' id='line_1_7' title="bbox 111 537 1107 589; baseline -0.004 -10"><span class='ocrx_word' id='word_1_32' title='bbox 111 540 325 581; x_wconf 86' lang='lat' dir='ltr'><strong>indomitos</strong></span> <span class='ocrx_word' id='word_1_33' title='bbox 353 539 395 579; x_wconf 93' lang='lat' dir='ltr'><strong>in</strong></span> <span class='ocrx_word' id='word_1_34' title='bbox 423 539 544 579; x_wconf 94' lang='lat' dir='ltr'><strong>corde</strong></span> <span class='ocrx_word' id='word_1_35' title='bbox 571 551 711 589; x_wconf 90' lang='lat' dir='ltr'><strong>gerens</strong></span> <span class='ocrx_word' id='word_1_36' title='bbox 740 537 918 576; x_wconf 85' lang='lat' dir='ltr'>Ariadna</span> <span class='ocrx_word' id='word_1_37' title='bbox 945 538 1107 585; x_wconf 90' lang='lat' dir='ltr'><strong>furores,</strong></span> 
     </span>
    </p>

    <p class='ocr_par' dir='ltr' id='par_1_7' title="bbox 110 601 1439 720">
     <span class='ocr_line' id='line_1_8' title="bbox 111 601 1439 654; baseline -0.005 -9"><span class='ocrx_word' id='word_1_38' title='bbox 111 607 282 645; x_wconf 87' lang='lat' dir='ltr'><strong>necdum</strong></span> <span class='ocrx_word' id='word_1_39' title='bbox 311 604 431 644; x_wconf 88' lang='lat' dir='ltr'><strong>etiam</strong></span> <span class='ocrx_word' id='word_1_40' title='bbox 459 617 545 643; x_wconf 90' lang='lat' dir='ltr'><strong>sese</strong></span> <span class='ocrx_word' id='word_1_41' title='bbox 574 616 677 654; x_wconf 89' lang='lat' dir='ltr'><strong>quae</strong></span> <span class='ocrx_word' id='word_1_42' title='bbox 705 601 798 641; x_wconf 91' lang='lat' dir='ltr'><strong>uisit</strong></span> <span class='ocrx_word' id='word_1_43' title='bbox 826 601 954 641; x_wconf 88' lang='lat' dir='ltr'><strong>uisere</strong></span> <span class='ocrx_word' id='word_1_44' title='bbox 982 601 1118 650; x_wconf 88' lang='lat' dir='ltr'><strong>credit,</strong></span> <span class='ocrx_word' id='word_1_45' title='bbox 1401 618 1439 650; x_wconf 82' lang='lat'><strong>55</strong></span> 
     </span>
     <span class='ocr_line' id='line_1_9' title="bbox 110 666 1202 720; baseline -0.005 -11"><span class='ocrx_word' id='word_1_46' title='bbox 110 677 153 709; x_wconf 92' lang='lat' dir='ltr'><strong>ut</strong></span> <span class='ocrx_word' id='word_1_47' title='bbox 179 677 273 720; x_wconf 90' lang='lat' dir='ltr'><strong>pote</strong></span> <span class='ocrx_word' id='word_1_48' title='bbox 301 668 429 708; x_wconf 90' lang='lat' dir='ltr'><strong>fallaci</strong></span> <span class='ocrx_word' id='word_1_49' title='bbox 458 681 561 719; x_wconf 91' lang='lat' dir='ltr'><strong>quae</strong></span> <span class='ocrx_word' id='word_1_50' title='bbox 589 675 674 706; x_wconf 89' lang='lat' dir='ltr'><strong>tum</strong></span> <span class='ocrx_word' id='word_1_51' title='bbox 703 666 875 719; x_wconf 90' lang='lat' dir='ltr'><strong>primum</strong></span> <span class='ocrx_word' id='word_1_52' title='bbox 904 666 1031 706; x_wconf 86' lang='lat' dir='ltr'><strong>excita</strong></span> <span class='ocrx_word' id='word_1_53' title='bbox 1059 680 1202 705; x_wconf 90' lang='lat' dir='ltr'><strong>somno</strong></span> 
     </span>
    </p>

    <p class='ocr_par' dir='ltr' id='par_1_8' title="bbox 109 732 1117 774">
     <span class='ocr_line' id='line_1_10' title="bbox 109 732 1117 774; baseline -0.005 0"><span class='ocrx_word' id='word_1_54' title='bbox 109 736 303 774; x_wconf 85' lang='lat' dir='ltr'><strong>desertam</strong></span> <span class='ocrx_word' id='word_1_55' title='bbox 331 733 372 772; x_wconf 93' lang='lat' dir='ltr'><strong>in</strong></span> <span class='ocrx_word' id='word_1_56' title='bbox 401 734 485 772; x_wconf 89' lang='lat' dir='ltr'><strong>sola</strong></span> <span class='ocrx_word' id='word_1_57' title='bbox 512 732 697 772; x_wconf 87' lang='lat' dir='ltr'><strong>miseram</strong></span> <span class='ocrx_word' id='word_1_58' title='bbox 726 745 769 770; x_wconf 93' lang='lat' dir='ltr'><strong>se</strong></span> <span class='ocrx_word' id='word_1_59' title='bbox 798 738 932 770; x_wconf 86' lang='lat' dir='ltr'><strong>cernat</strong></span> <span class='ocrx_word' id='word_1_60' title='bbox 960 732 1117 770; x_wconf 86' lang='lat' dir='ltr'><strong>harena.</strong></span> 
     </span>
    </p>

    <p class='ocr_par' dir='ltr' id='par_1_9' title="bbox 109 795 1176 848">
     <span class='ocr_line' id='line_1_11' title="bbox 109 795 1176 848; baseline -0.004 -10"><span class='ocrx_word' id='word_1_61' title='bbox 109 799 316 838; x_wconf 88' lang='lat' dir='ltr'><strong>immernor</strong></span> <span class='ocrx_word' id='word_1_62' title='bbox 343 805 383 837; x_wconf 93' lang='lat' dir='ltr'><strong>at</strong></span> <span class='ocrx_word' id='word_1_63' title='bbox 411 797 566 837; x_wconf 92' lang='lat' dir='ltr'><strong>iuuenis</strong></span> <span class='ocrx_word' id='word_1_64' title='bbox 595 796 748 848; x_wconf 83' lang='lat' dir='ltr'><strong>fugiens</strong></span> <span class='ocrx_word' id='word_1_65' title='bbox 777 795 887 847; x_wconf 87' lang='lat' dir='ltr'><strong>pellit</strong></span> <span class='ocrx_word' id='word_1_66' title='bbox 915 797 1021 835; x_wconf 88' lang='lat' dir='ltr'><strong>uada</strong></span> <span class='ocrx_word' id='word_1_67' title='bbox 1047 796 1176 843; x_wconf 90' lang='lat' dir='ltr'><strong>remis,</strong></span> 
     </span>
    </p>

    <p class='ocr_par' dir='ltr' id='par_1_10' title="bbox 109 861 1098 914">
     <span class='ocr_line' id='line_1_12' title="bbox 109 861 1098 914; baseline -0.003 -11"><span class='ocrx_word' id='word_1_68' title='bbox 109 864 212 904; x_wconf 72' lang='lat' dir='ltr'><strong>irrita</strong></span> <span class='ocrx_word' id='word_1_69' title='bbox 239 870 429 903; x_wconf 88' lang='lat' dir='ltr'><strong>uentosae</strong></span> <span class='ocrx_word' id='word_1_70' title='bbox 457 862 642 914; x_wconf 90' lang='lat' dir='ltr'><strong>linquens</strong></span> <span class='ocrx_word' id='word_1_71' title='bbox 671 861 865 913; x_wconf 89' lang='lat' dir='ltr'><strong>promissa</strong></span> <span class='ocrx_word' id='word_1_72' title='bbox 892 863 1098 913; x_wconf 88' lang='lat' dir='ltr'><strong>procellae.</strong></span> 
     </span>
    </p>

    <p class='ocr_par' dir='ltr' id='par_1_11' title="bbox 108 927 1440 1045">
     <span class='ocr_line' id='line_1_13' title="bbox 109 927 1440 980; baseline -0.002 -12"><span class='ocrx_word' id='word_1_73' title='bbox 109 943 226 980; x_wconf 90' lang='lat' dir='ltr'><strong>quem</strong></span> <span class='ocrx_word' id='word_1_74' title='bbox 255 930 392 980; x_wconf 92' lang='lat' dir='ltr'><strong>procul</strong></span> <span class='ocrx_word' id='word_1_75' title='bbox 421 942 469 968; x_wconf 86' lang='lat' dir='ltr'><strong>ex</strong></span> <span class='ocrx_word' id='word_1_76' title='bbox 495 930 584 978; x_wconf 88' lang='lat' dir='ltr'><strong>alga</strong></span> <span class='ocrx_word' id='word_1_77' title='bbox 611 927 771 967; x_wconf 90' lang='lat' dir='ltr'><strong>maestis</strong></span> <span class='ocrx_word' id='word_1_78' title='bbox 802 927 952 966; x_wconf 86' lang='lat' dir='ltr'><strong>Minois</strong></span> <span class='ocrx_word' id='word_1_79' title='bbox 981 927 1127 975; x_wconf 86' lang='lat' dir='ltr'><strong>ocellis,</strong></span> <span class='ocrx_word' id='word_1_80' title='bbox 1396 933 1440 966; x_wconf 91' lang='lat'><strong>60</strong></span> 
     </span>
     <span class='ocr_line' id='line_1_14' title="bbox 108 992 1113 1045; baseline -0.003 -11"><span class='ocrx_word' id='word_1_81' title='bbox 108 1007 222 1034; x_wconf 87' lang='lat' dir='ltr'><strong>saxea</strong></span> <span class='ocrx_word' id='word_1_82' title='bbox 248 1001 292 1033; x_wconf 91' lang='lat' dir='ltr'><strong>ut</strong></span> <span class='ocrx_word' id='word_1_83' title='bbox 319 993 465 1045; x_wconf 88' lang='lat' dir='ltr'><strong>effigies</strong></span> <span class='ocrx_word' id='word_1_84' title='bbox 494 992 737 1041; x_wconf 89' lang='lat' dir='ltr'><strong>bacchantis,</strong></span> <span class='ocrx_word' id='word_1_85' title='bbox 769 992 968 1044; x_wconf 91' lang='lat' dir='ltr'><strong>prospicit,</strong></span> <span class='ocrx_word' id='word_1_86' title='bbox 999 994 1113 1041; x_wconf 92' lang='lat' dir='ltr'><strong>eheu,</strong></span> 
     </span>
    </p>

    <p class='ocr_par' dir='ltr' id='par_1_12' title="bbox 107 1056 1101 1110">
     <span class='ocr_line' id='line_1_15' title="bbox 107 1056 1101 1110; baseline -0.002 -12"><span class='ocrx_word' id='word_1_87' title='bbox 107 1058 293 1110; x_wconf 87' lang='lat' dir='ltr'><strong>prospicit</strong></span> <span class='ocrx_word' id='word_1_88' title='bbox 321 1065 360 1098; x_wconf 89' lang='lat' dir='ltr'><strong>et</strong></span> <span class='ocrx_word' id='word_1_89' title='bbox 388 1057 541 1109; x_wconf 89' lang='lat' dir='ltr'><strong>magnis</strong></span> <span class='ocrx_word' id='word_1_90' title='bbox 570 1070 751 1097; x_wconf 90' lang='lat' dir='ltr'><strong>curarum</strong></span> <span class='ocrx_word' id='word_1_91' title='bbox 781 1058 945 1096; x_wconf 88' lang='lat' dir='ltr'><strong>fluctuat</strong></span> <span class='ocrx_word' id='word_1_92' title='bbox 973 1056 1101 1105; x_wconf 91' lang='lat' dir='ltr'><strong>undis,</strong></span> 
     </span>
    </p>

    <p class='ocr_par' dir='ltr' id='par_1_13' title="bbox 107 1122 1162 1170">
     <span class='ocr_line' id='line_1_16' title="bbox 107 1122 1162 1170; baseline -0.002 -8"><span class='ocrx_word' id='word_1_93' title='bbox 107 1137 188 1162; x_wconf 94' lang='lat' dir='ltr'><strong>non</strong></span> <span class='ocrx_word' id='word_1_94' title='bbox 215 1124 320 1162; x_wconf 89' lang='lat' dir='ltr'><strong>flauo</strong></span> <span class='ocrx_word' id='word_1_95' title='bbox 348 1122 522 1163; x_wconf 90' lang='lat' dir='ltr'><strong>retinens</strong></span> <span class='ocrx_word' id='word_1_96' title='bbox 550 1122 737 1162; x_wconf 90' lang='lat' dir='ltr'><strong>subtilem</strong></span> <span class='ocrx_word' id='word_1_97' title='bbox 766 1122 914 1161; x_wconf 89' lang='lat' dir='ltr'><strong>uertice</strong></span> <span class='ocrx_word' id='word_1_98' title='bbox 943 1122 1162 1170; x_wconf 37' lang='lat' dir='ltr'><strong>mitram*-</strong></span> 
     </span>
    </p>

    <p class='ocr_par' dir='ltr' id='par_1_14' title="bbox 107 1188 1065 1239">
     <span class='ocr_line' id='line_1_17' title="bbox 107 1188 1065 1239; baseline -0.001 -11"><span class='ocrx_word' id='word_1_99' title='bbox 107 1202 188 1228; x_wconf 90' lang='lat' dir='ltr'><strong>non</strong></span> <span class='ocrx_word' id='word_1_100' title='bbox 216 1195 400 1228; x_wconf 87' lang='lat' dir='ltr'><strong>contecta</strong></span> <span class='ocrx_word' id='word_1_101' title='bbox 426 1188 506 1228; x_wconf 91' lang='lat' dir='ltr'><strong>leui</strong></span> <span class='ocrx_word' id='word_1_102' title='bbox 535 1189 711 1228; x_wconf 90' lang='lat' dir='ltr'><strong>uelatum</strong></span> <span class='ocrx_word' id='word_1_103' title='bbox 739 1195 878 1239; x_wconf 91' lang='lat' dir='ltr'><strong>pectus</strong></span> <span class='ocrx_word' id='word_1_104' title='bbox 907 1188 1065 1236; x_wconf 90' lang='lat' dir='ltr'><strong>amictu,</strong></span> 
     </span>
    </p>

    <p class='ocr_par' dir='ltr' id='par_1_15' title="bbox 106 1252 1436 1370">
     <span class='ocr_line' id='line_1_18' title="bbox 106 1252 1436 1304; baseline 0.001 -12"><span class='ocrx_word' id='word_1_105' title='bbox 106 1266 187 1292; x_wconf 92' lang='lat' dir='ltr'><strong>non</strong></span> <span class='ocrx_word' id='word_1_106' title='bbox 214 1252 327 1293; x_wconf 90' lang='lat' dir='ltr'><strong>tereti</strong></span> <span class='ocrx_word' id='word_1_107' title='bbox 356 1252 534 1304; x_wconf 91' lang='lat' dir='ltr'><strong>strophio</strong></span> <span class='ocrx_word' id='word_1_108' title='bbox 562 1252 743 1292; x_wconf 88' lang='lat' dir='ltr'><strong>lactentis</strong></span> <span class='ocrx_word' id='word_1_109' title='bbox 771 1252 906 1292; x_wconf 88' lang='lat' dir='ltr'><strong>uincta</strong></span> <span class='ocrx_word' id='word_1_110' title='bbox 933 1253 1109 1304; x_wconf 86' lang='lat' dir='ltr'><strong>papillas,</strong></span> <span class='ocrx_word' id='word_1_111' title='bbox 1396 1261 1436 1300; x_wconf 90' lang='lat'><strong>65</strong></span> 
     </span>
     <span class='ocr_line' id='line_1_19' title="bbox 106 1318 1092 1370; baseline 0 -12"><span class='ocrx_word' id='word_1_112' title='bbox 106 1318 239 1359; x_wconf 91' lang='lat' dir='ltr'><strong>omnia</strong></span> <span class='ocrx_word' id='word_1_113' title='bbox 266 1332 369 1370; x_wconf 92' lang='lat' dir='ltr'><strong>quae</strong></span> <span class='ocrx_word' id='word_1_114' title='bbox 397 1325 483 1358; x_wconf 90' lang='lat' dir='ltr'><strong>toto</strong></span> <span class='ocrx_word' id='word_1_115' title='bbox 511 1320 675 1370; x_wconf 90' lang='lat' dir='ltr'><strong>delapsa</strong></span> <span class='ocrx_word' id='word_1_116' title='bbox 703 1332 725 1358; x_wconf 95' lang='lat' dir='ltr'><strong>e</strong></span> <span class='ocrx_word' id='word_1_117' title='bbox 754 1331 918 1370; x_wconf 89' lang='lat' dir='ltr'><strong>corpore</strong></span> <span class='ocrx_word' id='word_1_118' title='bbox 946 1318 1092 1370; x_wconf 91' lang='lat' dir='ltr'><strong>passim</strong></span> 
     </span>
    </p>

    <p class='ocr_par' dir='ltr' id='par_1_16' title="bbox 105 1383 1054 1436">
     <span class='ocr_line' id='line_1_20' title="bbox 105 1383 1054 1436; baseline 0 -13"><span class='ocrx_word' id='word_1_119' title='bbox 105 1383 225 1435; x_wconf 90' lang='lat' dir='ltr'><strong>ipsius</strong></span> <span class='ocrx_word' id='word_1_120' title='bbox 252 1391 346 1424; x_wconf 90' lang='lat' dir='ltr'><strong>ante</strong></span> <span class='ocrx_word' id='word_1_121' title='bbox 373 1385 496 1436; x_wconf 88' lang='lat' dir='ltr'><strong>pedes</strong></span> <span class='ocrx_word' id='word_1_122' title='bbox 524 1385 667 1423; x_wconf 92' lang='lat' dir='ltr'><strong>fluctus</strong></span> <span class='ocrx_word' id='word_1_123' title='bbox 696 1383 786 1423; x_wconf 91' lang='lat' dir='ltr'><strong>salis</strong></span> <span class='ocrx_word' id='word_1_124' title='bbox 814 1384 1054 1423; x_wconf 90' lang='lat' dir='ltr'><strong>alludebant.</strong></span> 
     </span>
    </p>

    <p class='ocr_par' dir='ltr' id='par_1_17' title="bbox 106 1448 1302 1500">
     <span class='ocr_line' id='line_1_21' title="bbox 106 1448 1302 1500; baseline 0.002 -12"><span class='ocrx_word' id='word_1_125' title='bbox 106 1450 175 1489; x_wconf 89' lang='lat' dir='ltr'><strong>sed</strong></span> <span class='ocrx_word' id='word_1_126' title='bbox 203 1462 334 1500; x_wconf 90' lang='lat' dir='ltr'><strong>neque</strong></span> <span class='ocrx_word' id='word_1_127' title='bbox 361 1456 447 1488; x_wconf 91' lang='lat' dir='ltr'><strong>tum</strong></span> <span class='ocrx_word' id='word_1_128' title='bbox 476 1448 615 1489; x_wconf 87' lang='lat' dir='ltr'><strong>mitrae</strong></span> <span class='ocrx_word' id='word_1_129' title='bbox 642 1462 774 1500; x_wconf 89' lang='lat' dir='ltr'><strong>neque</strong></span> <span class='ocrx_word' id='word_1_130' title='bbox 802 1456 887 1488; x_wconf 90' lang='lat' dir='ltr'><strong>tum</strong></span> <span class='ocrx_word' id='word_1_131' title='bbox 916 1449 1105 1489; x_wconf 86' lang='lat' dir='ltr'><strong>fluitantis</strong></span> <span class='ocrx_word' id='word_1_132' title='bbox 1132 1450 1302 1490; x_wconf 89' lang='lat' dir='ltr'><strong>amictus</strong></span> 
     </span>
    </p>

    <p class='ocr_par' dir='ltr' id='par_1_18' title="bbox 105 1513 1157 1565">
     <span class='ocr_line' id='line_1_22' title="bbox 105 1513 1157 1565; baseline 0.002 -13"><span class='ocrx_word' id='word_1_133' title='bbox 105 1513 170 1553; x_wconf 89' lang='lat' dir='ltr'><strong>illa</strong></span> <span class='ocrx_word' id='word_1_134' title='bbox 197 1513 327 1554; x_wconf 91' lang='lat' dir='ltr'><strong>uicem</strong></span> <span class='ocrx_word' id='word_1_135' title='bbox 355 1527 496 1554; x_wconf 90' lang='lat' dir='ltr'><strong>curans</strong></span> <span class='ocrx_word' id='word_1_136' title='bbox 525 1521 610 1554; x_wconf 90' lang='lat' dir='ltr'><strong>toto</strong></span> <span class='ocrx_word' id='word_1_137' title='bbox 639 1527 687 1554; x_wconf 87' lang='lat' dir='ltr'><strong>ex</strong></span> <span class='ocrx_word' id='word_1_138' title='bbox 715 1521 755 1553; x_wconf 92' lang='lat' dir='ltr'><strong>te</strong></span> <span class='ocrx_word' id='word_1_139' title='bbox 782 1521 956 1565; x_wconf 88' lang='lat' dir='ltr'><strong>pectore,</strong></span> <span class='ocrx_word' id='word_1_140' title='bbox 985 1515 1157 1563; x_wconf 90' lang='lat' dir='ltr'><strong>Theseu,</strong></span> 
     </span>
    </p>

    <p class='ocr_par' dir='ltr' id='par_1_19' title="bbox 104 1578 1436 1695">
     <span class='ocr_line' id='line_1_23' title="bbox 105 1578 1436 1631; baseline 0 -13"><span class='ocrx_word' id='word_1_141' title='bbox 105 1585 190 1618; x_wconf 91' lang='lat' dir='ltr'><strong>toto</strong></span> <span class='ocrx_word' id='word_1_142' title='bbox 217 1579 362 1627; x_wconf 89' lang='lat' dir='ltr'><strong>animo,</strong></span> <span class='ocrx_word' id='word_1_143' title='bbox 394 1585 478 1619; x_wconf 90' lang='lat' dir='ltr'><strong>tota</strong></span> <span class='ocrx_word' id='word_1_144' title='bbox 506 1579 708 1631; x_wconf 89' lang='lat' dir='ltr'><strong>pendebat</strong></span> <span class='ocrx_word' id='word_1_145' title='bbox 736 1578 890 1630; x_wconf 88' lang='lat' dir='ltr'><strong>perdita</strong></span> <span class='ocrx_word' id='word_1_146' title='bbox 919 1586 1063 1619; x_wconf 91' lang='lat' dir='ltr'><strong>mente.</strong></span> <span class='ocrx_word' id='word_1_147' title='bbox 1393 1593 1436 1629; x_wconf 88' lang='lat'><strong>70</strong></span> 
     </span>
     <span class='ocr_line' id='line_1_24' title="bbox 104 1642 1100 1695; baseline 0 -13"><span class='ocrx_word' id='word_1_148' title='bbox 104 1656 129 1683; x_wconf 90' lang='lat' dir='ltr'><strong>a</strong></span> <span class='ocrx_word' id='word_1_149' title='bbox 155 1642 306 1692; x_wconf 90' lang='lat' dir='ltr'><strong>misera,</strong></span> <span class='ocrx_word' id='word_1_150' title='bbox 335 1643 504 1684; x_wconf 86' lang='lat' dir='ltr'><strong>assiduis</strong></span> <span class='ocrx_word' id='word_1_151' title='bbox 533 1657 654 1695; x_wconf 89' lang='lat' dir='ltr'><strong>quam</strong></span> <span class='ocrx_word' id='word_1_152' title='bbox 682 1643 854 1683; x_wconf 87' lang='lat' dir='ltr'><strong>luctibus</strong></span> <span class='ocrx_word' id='word_1_153' title='bbox 882 1643 1100 1683; x_wconf 89' lang='lat' dir='ltr'><strong>externauit</strong></span> 
     </span>
    </p>

    <p class='ocr_par' dir='ltr' id='par_1_20' title="bbox 105 1707 1052 1759">
     <span class='ocr_line' id='line_1_25' title="bbox 105 1707 1052 1759; baseline 0.001 -12"><span class='ocrx_word' id='word_1_154' title='bbox 105 1707 283 1759; x_wconf 90' lang='lat' dir='ltr'><strong>spinosas</strong></span> <span class='ocrx_word' id='word_1_155' title='bbox 311 1708 482 1759; x_wconf 88' lang='lat' dir='ltr'><strong>Erycina</strong></span> <span class='ocrx_word' id='word_1_156' title='bbox 510 1721 644 1748; x_wconf 91' lang='lat' dir='ltr'><strong>serens</strong></span> <span class='ocrx_word' id='word_1_157' title='bbox 671 1707 713 1747; x_wconf 89' lang='lat' dir='ltr'><strong>in</strong></span> <span class='ocrx_word' id='word_1_158' title='bbox 741 1715 901 1758; x_wconf 89' lang='lat' dir='ltr'><strong>pectore</strong></span> <span class='ocrx_word' id='word_1_159' title='bbox 928 1721 1052 1757; x_wconf 90' lang='lat' dir='ltr'><strong>curas,</strong></span> 
     </span>
    </p>
   </div>
   <div class='ocr_carea' id='block_1_3' title="bbox 97 1794 1435 2483">
    <p class='ocr_par' dir='ltr' id='par_1_21' title="bbox 97 1794 1435 2442">
     <span class='ocr_line' id='line_1_26' title="bbox 146 1794 1433 1838; baseline 0.003 -12"><span class='ocrx_word' id='word_1_160' title='bbox 146 1805 188 1835; x_wconf 82' lang='lat'><strong>52</strong></span> <span class='ocrx_word' id='word_1_161' title='bbox 203 1794 349 1837; x_wconf 83' lang='lat' dir='ltr'><strong>lit(t)ora</strong></span> <span class='ocrx_word' id='word_1_162' title='bbox 359 1794 506 1828; x_wconf 81' lang='lat' dir='ltr'><strong>RBLa¹:</strong></span> <span class='ocrx_word' id='word_1_163' title='bbox 525 1795 626 1827; x_wconf 84' lang='lat' dir='ltr'><strong>litora</strong></span> <span class='ocrx_word' id='word_1_164' title='bbox 638 1794 815 1836; x_wconf 86' lang='lat' dir='ltr'><strong>(suprascr.</strong></span> <span class='ocrx_word' id='word_1_165' title='bbox 823 1795 858 1836; x_wconf 82' lang='lat' dir='ltr'><strong>e)</strong></span> <span class='ocrx_word' id='word_1_166' title='bbox 868 1795 925 1826; x_wconf 58' lang='lat' dir='ltr'><strong>ten</strong></span> <span class='ocrx_word' id='word_1_167' title='bbox 971 1795 1085 1838; x_wconf 76' lang='lat' dir='ltr'><strong>di(y)a</strong></span> <span class='ocrx_word' id='word_1_168' title='bbox 1095 1799 1121 1827; x_wconf 99' lang='grc' dir='ltr'>Ω</span> <span class='ocrx_word' id='word_1_169' title='bbox 1198 1806 1241 1837; x_wconf 86' lang='grc'><strong>54</strong></span> <span class='ocrx_word' id='word_1_170' title='bbox 1257 1797 1396 1830; x_wconf 87' lang='lat' dir='ltr'><strong>adriana</strong></span> <span class='ocrx_word' id='word_1_171' title='bbox 1406 1802 1433 1830; x_wconf 87' lang='grc' dir='ltr'>Ω</span> 
     </span>
     <span class='ocr_line' id='line_1_27' title="bbox 104 1837 1435 1879; baseline 0.003 -9"><span class='ocrx_word' id='word_1_172' title='bbox 104 1847 146 1877; x_wconf 87' lang='grc'><strong>55</strong></span> <span class='ocrx_word' id='word_1_173' title='bbox 168 1848 245 1871; x_wconf 86' lang='lat' dir='ltr'><strong>sese</strong></span> <span class='ocrx_word' id='word_1_174' title='bbox 274 1849 362 1879; x_wconf 90' lang='lat' dir='ltr'><strong>quae</strong></span> <span class='ocrx_word' id='word_1_175' title='bbox 394 1839 473 1871; x_wconf 87' lang='lat' dir='ltr'><strong>nisit</strong></span> <span class='ocrx_word' id='word_1_176' title='bbox 504 1839 616 1870; x_wconf 88' lang='lat' dir='ltr'><strong>uisere</strong></span> <span class='ocrx_word' id='word_1_177' title='bbox 647 1839 755 1870; x_wconf 88' lang='lat' dir='ltr'><strong>credit</strong></span> <span class='ocrx_word' id='word_1_178' title='bbox 781 1837 881 1871; x_wconf 86' lang='lat' dir='ltr'><strong>Voss:</strong></span> <span class='ocrx_word' id='word_1_179' title='bbox 917 1849 1064 1878; x_wconf 88' lang='lat' dir='ltr'><strong>seseque</strong></span> <span class='ocrx_word' id='word_1_180' title='bbox 1093 1839 1147 1871; x_wconf 86' lang='lat' dir='ltr'><strong>sui</strong></span> <span class='ocrx_word' id='word_1_181' title='bbox 1178 1841 1227 1871; x_wconf 85' lang='lat' dir='ltr'><strong>tui</strong></span> <span class='ocrx_word' id='word_1_182' title='bbox 1257 1851 1295 1872; x_wconf 90' lang='lat' dir='ltr'><strong>se</strong></span> <span class='ocrx_word' id='word_1_183' title='bbox 1327 1843 1435 1874; x_wconf 85' lang='lat' dir='ltr'><strong>credit</strong></span> 
     </span>
     <span class='ocr_line' id='line_1_28' title="bbox 106 1880 1433 1927; baseline 0.003 -15"><span class='ocrx_word' id='word_1_184' title='bbox 106 1880 323 1914; x_wconf 81' lang='lat' dir='ltr'><strong>GOBLa1D:</strong></span> <span class='ocrx_word' id='word_1_185' title='bbox 348 1892 493 1922; x_wconf 85' lang='lat' dir='ltr'><strong>seseque</strong></span> <span class='ocrx_word' id='word_1_186' title='bbox 509 1883 563 1914; x_wconf 91' lang='lat' dir='ltr'><strong>sui</strong></span> <span class='ocrx_word' id='word_1_187' title='bbox 574 1882 632 1922; x_wconf 89' lang='lat' dir='ltr'><strong>qui</strong></span> <span class='ocrx_word' id='word_1_188' title='bbox 648 1881 821 1923; x_wconf 84' lang='lat' dir='ltr'><strong>(suprascr.</strong></span> <span class='ocrx_word' id='word_1_189' title='bbox 834 1883 864 1921; x_wconf 92' lang='lat' dir='ltr'><strong>t)</strong></span> <span class='ocrx_word' id='word_1_190' title='bbox 878 1891 917 1913; x_wconf 90' lang='lat' dir='ltr'><strong>se</strong></span> <span class='ocrx_word' id='word_1_191' title='bbox 933 1882 1078 1914; x_wconf 88' lang='lat' dir='ltr'><strong>credidit</strong></span> <span class='ocrx_word' id='word_1_192' title='bbox 1095 1882 1141 1914; x_wconf 90' lang='lat' dir='ltr'><strong>C:</strong></span> <span class='ocrx_word' id='word_1_193' title='bbox 1165 1893 1311 1924; x_wconf 90' lang='lat' dir='ltr'><strong>seseque</strong></span> <span class='ocrx_word' id='word_1_194' title='bbox 1326 1885 1378 1916; x_wconf 82' lang='lat' dir='ltr'><strong>sui</strong></span> <span class='ocrx_word' id='word_1_195' title='bbox 1389 1885 1433 1927; x_wconf 80' lang='grc' dir='ltr'><strong>ΙΙΙ</strong></span> 
     </span>
     <span class='ocr_line' id='line_1_29' title="bbox 103 1924 1434 1969; baseline 0.003 -13"><span class='ocrx_word' id='word_1_196' title='bbox 103 1934 143 1956; x_wconf 84' lang='lat' dir='ltr'><strong>se</strong></span> <span class='ocrx_word' id='word_1_197' title='bbox 157 1924 250 1956; x_wconf 88' lang='lat' dir='ltr'><strong>credi</strong></span> <span class='ocrx_word' id='word_1_198' title='bbox 259 1924 297 1968; x_wconf 77' lang='grc' dir='ltr'><strong>[ΙΙ</strong></span> <span class='ocrx_word' id='word_1_199' title='bbox 309 1925 369 1969; x_wconf 77' lang='lat' dir='ltr'><strong>llll</strong></span> <span class='ocrx_word' id='word_1_200' title='bbox 382 1926 417 1956; x_wconf 88' lang='lat' dir='ltr'><em>R</em></span> <span class='ocrx_word' id='word_1_201' title='bbox 433 1936 541 1967; x_wconf 73' lang='lat' dir='ltr'><strong>marg.</strong></span> <span class='ocrx_word' id='word_1_202' title='bbox 557 1925 599 1957; x_wconf 81' lang='lat' dir='ltr'><strong>al.</strong></span> <span class='ocrx_word' id='word_1_203' title='bbox 615 1925 705 1957; x_wconf 87' lang='lat' dir='ltr'><strong>terni</strong></span> <span class='ocrx_word' id='word_1_204' title='bbox 794 1926 838 1965; x_wconf 88' lang='lat'><strong>56</strong></span> <span class='ocrx_word' id='word_1_205' title='bbox 859 1929 940 1957; x_wconf 86' lang='lat' dir='ltr'><strong>tunc</strong></span> <span class='ocrx_word' id='word_1_206' title='bbox 958 1925 990 1957; x_wconf 94' lang='grc' dir='ltr'>Ο</span> <span class='ocrx_word' id='word_1_207' title='bbox 1074 1927 1116 1957; x_wconf 92' lang='lat'><strong>61</strong></span> <span class='ocrx_word' id='word_1_208' title='bbox 1141 1926 1317 1959; x_wconf 86' lang='lat' dir='ltr'><strong>bachantis</strong></span> <span class='ocrx_word' id='word_1_209' title='bbox 1336 1927 1434 1960; x_wconf 86' lang='lat' dir='ltr'><strong>GOR</strong></span> 
     </span>
     <span class='ocr_line' id='line_1_30' title="bbox 103 1967 1430 2009; baseline 0.004 -10"><span class='ocrx_word' id='word_1_210' title='bbox 103 1967 191 1999; x_wconf 85' lang='lat' dir='ltr'><strong>eheu</strong></span> <span class='ocrx_word' id='word_1_211' title='bbox 208 1967 338 2009; x_wconf 82' lang='lat' dir='ltr'><strong>Bergk:</strong></span> <span class='ocrx_word' id='word_1_212' title='bbox 368 1969 459 2000; x_wconf 84' lang='lat' dir='ltr'><strong>heue</strong></span> <span class='ocrx_word' id='word_1_213' title='bbox 482 1972 533 2000; x_wconf 80' lang='lat' dir='ltr'><strong>n:</strong></span> <span class='ocrx_word' id='word_1_214' title='bbox 565 1969 642 2000; x_wconf 90' lang='lat' dir='ltr'><strong>heie</strong></span> <span class='ocrx_word' id='word_1_215' title='bbox 665 1967 751 2000; x_wconf 90' lang='lat' dir='ltr'><strong>Bod.</strong></span> <span class='ocrx_word' id='word_1_216' title='bbox 776 1968 852 2001; x_wconf 85' lang='lat' dir='ltr'><strong>Lat.</strong></span> <span class='ocrx_word' id='word_1_217' title='bbox 876 1968 979 2000; x_wconf 80' lang='lat' dir='ltr'><strong>Class.</strong></span> <span class='ocrx_word' id='word_1_218' title='bbox 1006 1979 1029 2001; x_wconf 87' lang='lat' dir='ltr'><strong>e.</strong></span> <span class='ocrx_word' id='word_1_219' title='bbox 1057 1979 1117 2009; x_wconf 85' lang='lat'><strong>15:</strong></span> <span class='ocrx_word' id='word_1_220' title='bbox 1152 1970 1264 2002; x_wconf 90' lang='lat' dir='ltr'><strong>euhoe</strong></span> <span class='ocrx_word' id='word_1_221' title='bbox 1291 1971 1430 2004; x_wconf 84' lang='lat' dir='ltr'><strong>Lachm.</strong></span> 
     </span>
     <span class='ocr_line' id='line_1_31' title="bbox 102 2010 1433 2055; baseline 0.003 -13"><span class='ocrx_word' id='word_1_222' title='bbox 102 2012 146 2042; x_wconf 82' lang='lat'><strong>62</strong></span> <span class='ocrx_word' id='word_1_223' title='bbox 167 2010 258 2043; x_wconf 83' lang='lat' dir='ltr'><strong>Inter</strong></span> <span class='ocrx_word' id='word_1_224' title='bbox 270 2017 306 2044; x_wconf 86' lang='lat' dir='ltr'><strong>et</strong></span> <span class='ocrx_word' id='word_1_225' title='bbox 361 2013 493 2052; x_wconf 86' lang='lat' dir='ltr'><strong>magnis</strong></span> <span class='ocrx_word' id='word_1_226' title='bbox 509 2022 630 2044; x_wconf 84' lang='lat' dir='ltr'><strong>rasura</strong></span> <span class='ocrx_word' id='word_1_227' title='bbox 646 2012 739 2043; x_wconf 81' lang='lat' dir='ltr'><strong>estin</strong></span> <span class='ocrx_word' id='word_1_228' title='bbox 759 2012 789 2044; x_wconf 89' lang='lat' dir='ltr'><strong><em>G</em></strong></span> <span class='ocrx_word' id='word_1_229' title='bbox 831 2012 902 2044; x_wconf 86' lang='lat' dir='ltr'><strong>Pro</strong></span> <span class='ocrx_word' id='word_1_230' title='bbox 913 2017 947 2044; x_wconf 89' lang='lat' dir='ltr'><strong>et</strong></span> <span class='ocrx_word' id='word_1_231' title='bbox 963 2012 1194 2053; x_wconf 79' lang='lat' dir='ltr'><strong>compendium</strong></span> <span class='ocrx_word' id='word_1_232' title='bbox 1209 2018 1256 2045; x_wconf 78' lang='lat' dir='ltr'><strong>est</strong></span> <span class='ocrx_word' id='word_1_233' title='bbox 1270 2014 1304 2045; x_wconf 82' lang='lat' dir='ltr'><strong>in</strong></span> <span class='ocrx_word' id='word_1_234' title='bbox 1322 2013 1354 2045; x_wconf 89' lang='grc' dir='ltr'><em>Ο</em></span> <span class='ocrx_word' id='word_1_235' title='bbox 1369 2026 1433 2055; x_wconf 87' lang='lat' dir='ltr'><strong>quo</strong></span> 
     </span>
     <span class='ocr_line' id='line_1_32' title="bbox 97 2054 1431 2097; baseline 0.003 -12"><span class='ocrx_word' id='word_1_236' title='bbox 97 2054 291 2096; x_wconf 79' lang='lat' dir='ltr'><strong>plerumque</strong></span> <span class='ocrx_word' id='word_1_237' title='bbox 309 2055 517 2096; x_wconf 61' lang='lat' dir='ltr'><strong>mgmficatur</strong></span> <span class='ocrx_word' id='word_1_238' title='bbox 532 2066 598 2087; x_wconf 91' lang='lat' dir='ltr'><strong>con</strong></span> <span class='ocrx_word' id='word_1_239' title='bbox 730 2057 774 2095; x_wconf 91' lang='lat'><strong>64</strong></span> <span class='ocrx_word' id='word_1_240' title='bbox 798 2060 961 2087; x_wconf 85' lang='lat' dir='ltr'><strong>contenta</strong></span> <span class='ocrx_word' id='word_1_241' title='bbox 982 2055 1014 2086; x_wconf 91' lang='lat' dir='ltr'><em>O</em></span> <span class='ocrx_word' id='word_1_242' title='bbox 1028 2059 1058 2087; x_wconf 82' lang='lat' dir='ltr'><strong>et</strong></span> <span class='ocrx_word' id='word_1_243' title='bbox 1071 2055 1172 2097; x_wconf 64' lang='lat' dir='ltr'><em>Phil„</em></span> <span class='ocrx_word' id='word_1_244' title='bbox 1187 2056 1338 2097; x_wconf 75' lang='lat' dir='ltr'><strong>idemque</strong></span> <span class='ocrx_word' id='word_1_245' title='bbox 1352 2059 1431 2090; x_wconf 83' lang='lat' dir='ltr'><strong>com&#39;.</strong></span> 
     </span>
     <span class='ocr_line' id='line_1_33' title="bbox 101 2096 1430 2133; baseline 0.004 -5"><span class='ocrx_word' id='word_1_246' title='bbox 101 2096 213 2129; x_wconf 78' lang='lat' dir='ltr'><strong>Balth.</strong></span> <span class='ocrx_word' id='word_1_247' title='bbox 243 2097 378 2130; x_wconf 84' lang='lat' dir='ltr'><strong>Venator</strong></span> <span class='ocrx_word' id='word_1_248' title='bbox 542 2100 704 2131; x_wconf 88' lang='lat' dir='ltr'><strong>nudatum</strong></span> <span class='ocrx_word' id='word_1_249' title='bbox 728 2098 901 2132; x_wconf 81' lang='lat' dir='ltr'><strong>Schwabe:</strong></span> <span class='ocrx_word' id='word_1_250' title='bbox 931 2099 1093 2131; x_wconf 86' lang='lat' dir='ltr'><strong>laniatum</strong></span> <span class='ocrx_word' id='word_1_251' title='bbox 1119 2099 1239 2132; x_wconf 81' lang='lat' dir='ltr'><strong>Owen:</strong></span> <span class='ocrx_word' id='word_1_252' title='bbox 1268 2101 1430 2133; x_wconf 88' lang='lat' dir='ltr'><strong>uiolatum</strong></span> 
     </span>
     <span class='ocr_line' id='line_1_34' title="bbox 102 2139 1430 2184; baseline 0.005 -13"><span class='ocrx_word' id='word_1_253' title='bbox 102 2139 292 2182; x_wconf 72' lang='lat' dir='ltr'><strong>Haveaefield</strong></span> <span class='ocrx_word' id='word_1_254' title='bbox 452 2143 495 2181; x_wconf 87' lang='lat'><strong>65</strong></span> <span class='ocrx_word' id='word_1_255' title='bbox 518 2142 674 2174; x_wconf 88' lang='lat' dir='ltr'><strong>lactentis</strong></span> <span class='ocrx_word' id='word_1_256' title='bbox 698 2145 749 2175; x_wconf 80' lang='lat' dir='ltr'><strong>n:</strong></span> <span class='ocrx_word' id='word_1_257' title='bbox 779 2143 937 2175; x_wconf 83' lang='lat' dir='ltr'><strong>lactantis</strong></span> <span class='ocrx_word' id='word_1_258' title='bbox 960 2143 1025 2175; x_wconf 84' lang='lat' dir='ltr'><strong><em>cod.</em></strong></span> <span class='ocrx_word' id='word_1_259' title='bbox 1050 2147 1255 2184; x_wconf 75' lang='lat' dir='ltr'><strong>peruetustus</strong></span> <span class='ocrx_word' id='word_1_260' title='bbox 1280 2144 1430 2177; x_wconf 79' lang='lat' dir='ltr'><strong>Cauensi.</strong></span> 
     </span>
     <span class='ocr_line' id='line_1_35' title="bbox 101 2182 1431 2227; baseline 0.004 -12"><span class='ocrx_word' id='word_1_261' title='bbox 101 2182 221 2216; x_wconf 68' lang='lat' dir='ltr'><strong>Isidori</strong></span> <span class='ocrx_word' id='word_1_262' title='bbox 249 2183 429 2226; x_wconf 78' lang='lat' dir='ltr'><strong>Originum</strong></span> <span class='ocrx_word' id='word_1_263' title='bbox 460 2185 557 2219; x_wconf 85' lang='lat' dir='ltr'><em>XIX.</em></span> <span class='ocrx_word' id='word_1_264' title='bbox 587 2196 642 2227; x_wconf 86' lang='lat'><strong>33,</strong></span> <span class='ocrx_word' id='word_1_265' title='bbox 671 2196 693 2217; x_wconf 91' lang='lat' dir='ltr'><strong>a</strong></span> <span class='ocrx_word' id='word_1_266' title='bbox 723 2196 787 2227; x_wconf 85' lang='lat' dir='ltr'><strong>quo</strong></span> <span class='ocrx_word' id='word_1_267' title='bbox 810 2187 861 2218; x_wconf 85' lang='lat' dir='ltr'><em>ln&#39;c</em></span> <span class='ocrx_word' id='word_1_268' title='bbox 892 2198 925 2219; x_wconf 89' lang='lat' dir='ltr'><strong>u.</strong></span> <span class='ocrx_word' id='word_1_269' title='bbox 960 2187 1086 2219; x_wconf 81' lang='lat' dir='ltr'><strong>Cinnae</strong></span> <span class='ocrx_word' id='word_1_270' title='bbox 1115 2188 1271 2219; x_wconf 75' lang='lat' dir='ltr'><strong>tribuitur</strong></span> <span class='ocrx_word' id='word_1_271' title='bbox 1351 2190 1431 2220; x_wconf 88' lang='lat' dir='ltr'><strong>citta</strong></span> 
     </span>
     <span class='ocr_line' id='line_1_36' title="bbox 104 2226 1430 2272; baseline 0.004 -14"><span class='ocrx_word' id='word_1_272' title='bbox 104 2226 267 2267; x_wconf 81' lang='lat' dir='ltr'><strong>Cauensis,</strong></span> <span class='ocrx_word' id='word_1_273' title='bbox 292 2229 325 2260; x_wconf 79' lang='lat' dir='ltr'><strong>h.</strong></span> <span class='ocrx_word' id='word_1_274' title='bbox 349 2239 374 2260; x_wconf 87' lang='lat' dir='ltr'><strong>e.</strong></span> <span class='ocrx_word' id='word_1_275' title='bbox 401 2229 511 2261; x_wconf 87' lang='lat' dir='ltr'><strong>cincta</strong></span> <span class='ocrx_word' id='word_1_276' title='bbox 661 2231 706 2261; x_wconf 88' lang='lat'><strong>66</strong></span> <span class='ocrx_word' id='word_1_277' title='bbox 733 2230 871 2270; x_wconf 84' lang='lat' dir='ltr'><strong>delapsa</strong></span> <span class='ocrx_word' id='word_1_278' title='bbox 895 2241 914 2262; x_wconf 89' lang='lat' dir='ltr'><strong>e</strong></span> <span class='ocrx_word' id='word_1_279' title='bbox 939 2231 986 2262; x_wconf 88' lang='lat' dir='ltr'><strong>C:</strong></span> <span class='ocrx_word' id='word_1_280' title='bbox 1013 2231 1153 2271; x_wconf 85' lang='lat' dir='ltr'><strong>delapse</strong></span> <span class='ocrx_word' id='word_1_281' title='bbox 1172 2231 1224 2263; x_wconf 87' lang='lat' dir='ltr'><strong>O:</strong></span> <span class='ocrx_word' id='word_1_282' title='bbox 1248 2232 1387 2272; x_wconf 89' lang='lat' dir='ltr'><strong>delapso</strong></span> <span class='ocrx_word' id='word_1_283' title='bbox 1410 2243 1430 2264; x_wconf 90' lang='lat' dir='ltr'><strong>e</strong></span> 
     </span>
     <span class='ocr_line' id='line_1_37' title="bbox 101 2269 1430 2313; baseline 0.005 -12"><span class='ocrx_word' id='word_1_284' title='bbox 101 2269 254 2302; x_wconf 59' lang='lat' dir='ltr'><strong>RBtaen:</strong></span> <span class='ocrx_word' id='word_1_285' title='bbox 278 2271 417 2312; x_wconf 86' lang='lat' dir='ltr'><strong>delapso</strong></span> <span class='ocrx_word' id='word_1_286' title='bbox 443 2271 574 2305; x_wconf 87' lang='lat' dir='ltr'><strong>GLa¹D</strong></span> <span class='ocrx_word' id='word_1_287' title='bbox 692 2273 735 2313; x_wconf 88' lang='lat'><strong>67</strong></span> <span class='ocrx_word' id='word_1_288' title='bbox 758 2274 824 2306; x_wconf 88' lang='lat' dir='ltr'><strong>adl.</strong></span> <span class='ocrx_word' id='word_1_289' title='bbox 846 2273 898 2306; x_wconf 90' lang='lat' dir='ltr'><strong>O:</strong></span> <span class='ocrx_word' id='word_1_290' title='bbox 922 2274 1109 2306; x_wconf 84' lang='lat' dir='ltr'><strong>allidebant</strong></span> <span class='ocrx_word' id='word_1_291' title='bbox 1131 2274 1275 2307; x_wconf 87' lang='lat' dir='ltr'><strong>Landor</strong></span> <span class='ocrx_word' id='word_1_292' title='bbox 1386 2277 1430 2307; x_wconf 88' lang='lat'><strong>68</strong></span> 
     </span>
     <span class='ocr_line' id='line_1_38' title="bbox 102 2313 1429 2358; baseline 0.005 -13"><span class='ocrx_word' id='word_1_293' title='bbox 102 2313 132 2344; x_wconf 86' lang='lat' dir='ltr'><strong>si</strong></span> <span class='ocrx_word' id='word_1_294' title='bbox 148 2324 260 2354; x_wconf 87' lang='lat' dir='ltr'><strong>neque</strong></span> <span class='ocrx_word' id='word_1_295' title='bbox 276 2317 302 2346; x_wconf 88' lang='grc' dir='ltr'>Ω</span> <span class='ocrx_word' id='word_1_296' title='bbox 384 2319 499 2346; x_wconf 88' lang='lat' dir='ltr'><strong>tamen</strong></span> <span class='ocrx_word' id='word_1_297' title='bbox 515 2315 583 2358; x_wconf 64' lang='lat' dir='ltr'><strong>(tn)</strong></span> <span class='ocrx_word' id='word_1_298' title='bbox 596 2321 660 2357; x_wconf 82' lang='lat' dir='ltr'><strong>pro</strong></span> <span class='ocrx_word' id='word_1_299' title='bbox 674 2321 744 2348; x_wconf 84' lang='lat' dir='ltr'><strong>tum</strong></span> <span class='ocrx_word' id='word_1_300' title='bbox 761 2317 808 2347; x_wconf 86' lang='lat' dir='ltr'><strong>bis</strong></span> <span class='ocrx_word' id='word_1_301' title='bbox 825 2317 857 2348; x_wconf 92' lang='grc' dir='ltr'><em>Ο</em></span> <span class='ocrx_word' id='word_1_302' title='bbox 986 2319 1030 2358; x_wconf 89' lang='grc'><strong>69</strong></span> <span class='ocrx_word' id='word_1_303' title='bbox 1052 2323 1087 2349; x_wconf 86' lang='lat' dir='ltr'><strong>te</strong></span> <span class='ocrx_word' id='word_1_304' title='bbox 1102 2329 1167 2352; x_wconf 85' lang='lat' dir='ltr'><strong>om.</strong></span> <span class='ocrx_word' id='word_1_305' title='bbox 1188 2318 1219 2350; x_wconf 92' lang='grc' dir='ltr'><em>Ο</em></span> <span class='ocrx_word' id='word_1_306' title='bbox 1346 2329 1383 2358; x_wconf 93' lang='lat'><strong>71</strong></span> <span class='ocrx_word' id='word_1_307' title='bbox 1410 2330 1429 2351; x_wconf 85' lang='lat' dir='ltr'><strong>a</strong></span> 
     </span>
     <span class='ocr_line' id='line_1_39' title="bbox 103 2356 1428 2401; baseline 0.005 -13"><span class='ocrx_word' id='word_1_308' title='bbox 103 2356 184 2388; x_wconf 85' lang='lat' dir='ltr'><strong>Can.</strong></span> <span class='ocrx_word' id='word_1_309' title='bbox 201 2358 276 2391; x_wconf 82' lang='lat' dir='ltr'><strong>Lat.</strong></span> <span class='ocrx_word' id='word_1_310' title='bbox 295 2367 338 2397; x_wconf 88' lang='lat'><strong>33</strong></span> <span class='ocrx_word' id='word_1_311' title='bbox 357 2362 387 2389; x_wconf 87' lang='lat' dir='ltr'><strong>et</strong></span> <span class='ocrx_word' id='word_1_312' title='bbox 396 2358 514 2390; x_wconf 82' lang='lat' dir='ltr'><strong>codices</strong></span> <span class='ocrx_word' id='word_1_313' title='bbox 526 2359 630 2390; x_wconf 80' lang='lat' dir='ltr'><strong>Nonii</strong></span> <span class='ocrx_word' id='word_1_314' title='bbox 637 2365 671 2400; x_wconf 83' lang='lat' dir='ltr'><strong>p.</strong></span> <span class='ocrx_word' id='word_1_315' title='bbox 690 2362 774 2391; x_wconf 88' lang='lat'>108:</span> <span class='ocrx_word' id='word_1_316' title='bbox 797 2361 840 2391; x_wconf 87' lang='lat' dir='ltr'><strong>ah</strong></span> <span class='ocrx_word' id='word_1_317' title='bbox 856 2360 919 2392; x_wconf 87' lang='lat' dir='ltr'><strong>GR</strong></span> <span class='ocrx_word' id='word_1_318' title='bbox 927 2361 1005 2394; x_wconf 60' lang='lat' dir='ltr'><strong>len:</strong></span> <span class='ocrx_word' id='word_1_319' title='bbox 1030 2362 1073 2393; x_wconf 88' lang='lat' dir='ltr'><strong>ha</strong></span> <span class='ocrx_word' id='word_1_320' title='bbox 1088 2362 1120 2393; x_wconf 94' lang='lat' dir='ltr'>O</span> <span class='ocrx_word' id='word_1_321' title='bbox 1250 2372 1291 2401; x_wconf 83' lang='lat'><strong>72</strong></span> <span class='ocrx_word' id='word_1_322' title='bbox 1315 2363 1428 2394; x_wconf 86' lang='lat' dir='ltr'><strong>serens</strong></span> 
     </span>
     <span class='ocr_line' id='line_1_40' title="bbox 103 2400 841 2442; baseline 0.005 -11"><span class='ocrx_word' id='word_1_323' title='bbox 103 2410 133 2440; x_wconf 89' lang='lat' dir='ltr'><strong>a,</strong></span> <span class='ocrx_word' id='word_1_324' title='bbox 150 2400 234 2433; x_wconf 83' lang='lat' dir='ltr'><strong>Bod.</strong></span> <span class='ocrx_word' id='word_1_325' title='bbox 255 2400 332 2434; x_wconf 85' lang='lat' dir='ltr'><strong>Lat.</strong></span> <span class='ocrx_word' id='word_1_326' title='bbox 350 2401 452 2434; x_wconf 81' lang='lat' dir='ltr'><strong>class.</strong></span> <span class='ocrx_word' id='word_1_327' title='bbox 468 2412 492 2434; x_wconf 86' lang='lat' dir='ltr'><strong>e.</strong></span> <span class='ocrx_word' id='word_1_328' title='bbox 515 2411 554 2442; x_wconf 91' lang='lat'><strong>15</strong></span> <span class='ocrx_word' id='word_1_329' title='bbox 569 2406 599 2434; x_wconf 78' lang='lat' dir='ltr'><strong>et</strong></span> <span class='ocrx_word' id='word_1_330' title='bbox 612 2403 718 2435; x_wconf 79' lang='lat' dir='ltr'><strong>Nonii</strong></span> <span class='ocrx_word' id='word_1_331' title='bbox 726 2403 841 2435; x_wconf 78' lang='lat' dir='ltr'><strong>cod1ces</strong></span> 
     </span>
    </p>

    <p class='ocr_par' dir='ltr' id='par_1_22' title="bbox 143 2451 1340 2483">
     <span class='ocr_line' id='line_1_41' title="bbox 143 2451 1340 2483; baseline 0.003 -8"><span class='ocrx_word' id='word_1_332' title='bbox 143 2453 283 2476; x_wconf 70' lang='lat' dir='ltr'><strong>cArvLL.</strong></span> <span class='ocrx_word' id='word_1_333' title='bbox 1322 2451 1340 2483; x_wconf 88' lang='grc'>5</span> 
     </span>
    </p>
   </div>
  </div>
 </body>
</html>
