1650 2684
279 101 519 142 CATVLLI

277 213 388 253 tertia
415 216 497 254 sola
525 221 592 254 tua
619 222 701 255 est:
738 215 819 255 noli
846 229 1018 267 pugnare
1045 217 1213 266 duobus,

276 277 343 327 qui
371 291 515 328 genero
542 292 613 318 sua
638 278 721 318 iura
749 279 863 318 simul
891 293 982 319 cum
1009 281 1103 319 dote
1130 281 1336 321 dederunt.
1539 289 1582 332 ⁶5

277 342 436 391 Hymen
465 355 490 381 o
519 343 760 392 Hymenaee,
792 344 953 393 Hymen
980 344 1075 383 ades
1102 357 1128 383 o
1158 346 1412 394 Hymenaee!

847 453 989 491 LXIII

273 533 408 570 SVPER
435 532 514 570 alta
541 538 678 571 uectus
705 531 808 571 Attis
837 531 951 571 celeri
980 539 1060 572 rate
1090 532 1220 580 maria,

273 594 481 645 Phrygium
510 602 552 633 ut
580 608 718 634 nemus
746 595 865 634 citato
893 595 1035 645 cupide
1063 597 1165 646 pede
1193 595 1328 647 tetigit,

269 658 444 709 adiitque
471 671 594 709 opaca
622 659 728 698 siluis
756 658 935 698 redimita
963 660 1049 698 loca
1077 660 1186 707 deae,

270 721 487 761 stimulatus
516 722 570 761 ibi
598 722 738 761 furenti
765 722 883 770 rabie,
912 735 1034 772 uagus
1061 722 1212 770 animis,

269 785 444 824 deuoluit
473 785 523 824 ile
549 793 666 824 acuto
694 785 766 824 sibi
796 787 970 836 pondere
998 785 1125 825 silicis.
1556 803 1575 836 5

268 848 399 898 itaque
427 856 470 888 ut
497 849 629 888 relicta
656 849 776 888 sensit
804 849 877 888 sibi
906 850 1082 889 membra
1109 849 1194 890 sine
1220 850 1316 898 uiro,

268 913 384 952 etiam
412 921 568 953 recente
596 921 717 953 terrae
745 915 828 953 sola
855 914 1043 965 sanguine
1070 915 1281 962 maculans,

266 976 391 1016 niueis
419 977 536 1016 citata
563 977 666 1027 cepit
694 977 876 1016 manibus
904 979 991 1016 leue
1015 985 1217 1028 typanum,

266 1047 463 1091 typanum,
495 1041 630 1079 tubam
659 1041 851 1091 Cybelles,
882 1047 959 1088 tua,
990 1048 1122 1088 mater,
1151 1041 1271 1089 initia,

265 1105 522 1155 quatiensque
550 1112 654 1155 terga
682 1104 804 1144 taurei
832 1104 973 1144 teneris
1001 1118 1099 1143 caua
1126 1104 1266 1155 digitis,
1534 1122 1574 1145 10

263 1182 402 1208 canere
430 1170 527 1208 haec
555 1168 634 1207 suis
661 1169 798 1207 adorta
825 1175 884 1208 est
912 1168 1170 1207 tremebunda
1197 1168 1417 1208 comitibus.

262 1231 363 1282 agite
391 1232 443 1271 ite
470 1233 522 1271 ad
549 1233 637 1279 alta,
669 1232 815 1279 Gallae,
846 1231 1014 1281 Cybeles
1042 1244 1203 1271 nemora
1229 1232 1356 1281 simul,

262 1295 377 1334 simul
405 1295 467 1343 ite,
502 1295 765 1335 Dindimenae
793 1294 978 1335 dominae
1006 1307 1105 1346 uaga
1133 1308 1285 1346 pecora,

260 1359 386 1399 aliena
415 1372 516 1411 quae
543 1366 721 1411 petentes
750 1360 858 1398 uelut
887 1360 1019 1398 exules
1046 1360 1143 1407 loca,

260 1463 338 1494 data
353 1461 452 1494 tertia
468 1461 566 1494 matri
586 1461 634 1494 T:
657 1462 761 1494 tercia
777 1471 855 1502 pars
878 1462 964 1502 patri
986 1466 1038 1493 est
1061 1461 1139 1493 data
1161 1462 1264 1494 tercia
1283 1463 1379 1494 matri
1397 1461 1448 1494 0:
1472 1462 1570 1495 tertia

260 1515 339 1545 pars
360 1505 447 1545 patri
468 1506 547 1536 data
567 1514 644 1545 pars
667 1505 744 1536 data
759 1509 781 1536 t.
801 1515 844 1536 m.
864 1507 891 1536 Ω
978 1504 1015 1536 Τ.
1034 1514 1113 1545 pars
1133 1505 1236 1545 patr-Is
1251 1504 1387 1537 Schaler
1525 1507 1569 1545 64

258 1549 338 1580 solit
353 1553 388 1580 tu
404 1552 455 1579 est
473 1548 538 1579 noli
555 1548 711 1587 tuignare
730 1546 761 1578 T
879 1549 923 1578 66
947 1547 1104 1588 Kymeno
1121 1547 1286 1591 kymenee
1301 1548 1508 1589 kymenades
1523 1558 1565 1581 ,0.

259 1592 304 1631 ky
306 1601 446 1622 meneae
466 1590 496 1622 T

279 1602 414 1665 yLXIII
439 1643 484 1665 m:
506 1642 743 1664 nentem-mul
764 1642 806 1664 ετ
822 1641 907 1664 xrm
929 1635 982 1664 Ω·
1003 1632 1136 1664 nullum
1158 1633 1306 1674 spatium
1328 1633 1363 1664 in
1387 1632 1419 1664 Ο

256 1676 346 1708 Attis
368 1676 500 1708 Manus
518 1676 696 1707 Victon'nus
718 1685 782 1707 212
810 1674 970 1717 Gaissord,
998 1685 1060 1716 154
1083 1675 1178 1707 Keil:
1208 1677 1293 1708 actis
1314 1679 1364 1708 Ω.
1388 1675 1477 1708 athis
1496 1643 1570 1707 AD1

257 1719 357 1751 celeri
376 1718 494 1751 Terent.
507 1718 618 1751 Maur.
631 1719 719 1758 2899
729 1722 759 1750 et
771 1717 976 1751 Victorinus:
998 1719 1111 1751 celere
1126 1721 1153 1749 Ω
1262 1729 1283 1750 2
1306 1723 1343 1750 ut
1354 1730 1419 1751 om.
1434 1718 1568 1750 caesius

255 1762 383 1794 Bassus
398 1763 462 1793 262
479 1761 524 1794 K.
613 1771 634 1802 3
649 1762 724 1793 loca
739 1762 826 1793 dee
818 1772 828 1792 ι
843 1761 888 1794 ed.
907 1761 1140 1802 antiquissima
1155 1771 1235 1793 saec.
1249 1771 1315 1793 xv:
1338 1762 1359 1801 i,
1375 1765 1413 1793 ut
1426 1761 1563 1801 nudetur,

255 1816 276 1836 α
292 1816 323 1837 u.
345 1806 386 1845 78
401 1805 521 1836 tralata
630 1815 650 1843 4
672 1804 716 1835 ibi
738 1803 784 1836 ed.
808 1804 910 1837 Tn'nc.
926 1816 934 1836 :
956 1804 1012 1835 ubi
1028 1807 1055 1835 Ω
1142 1804 1265 1835 animis
1279 1803 1415 1836 Lachm.
1434 1805 1567 1836 :amnis

255 1851 294 1886 Ω,
311 1848 378 1879 nisi
388 1847 478 1888 quod
491 1845 556 1879 La¹
571 1847 665 1879 habet
677 1847 749 1879 ffius
764 1859 771 1879 :
794 1847 898 1878 animi
913 1846 998 1879 Scal.
1099 1856 1119 1886 5
1142 1846 1295 1878 deuo1uit
1310 1846 1407 1878 iletas
1420 1846 1566 1887 (illectas

254 1890 325 1932 Da)
348 1895 445 1922 acuto
469 1890 532 1922 sibi
552 1890 702 1931 pondere
723 1890 835 1923 silices
858 1889 970 1922 codd.:
993 1889 1036 1921 ile
1055 1889 1220 1921 Lachm.:
1250 1890 1315 1921 ieta
1334 1889 1487 1921 Statius:
1509 1889 1565 1921 ina

255 1933 365 1965 ScaL:
388 1934 538 1974 pondere
553 1933 658 1965 silicis
673 1932 897 1965 Passeratius:
922 1933 1072 1972 pondera
1090 1932 1184 1964 silice
1198 1931 1391 1964 Auantius·
1416 1931 1471 1963 ilei
1486 1942 1517 1964 ι.
1535 1942 1563 1964 s.

255 1977 405 2016 pondera
419 1976 513 2008 silice
528 1976 635 2017 Bergk
729 1987 747 2016 7
772 1975 919 2007 maculas
933 1977 961 2006 Ω
1058 1975 1093 2014 8,
1106 1985 1129 2015 9
1151 1974 1392 2016 ti(y)mpanum
1410 1977 1460 2006 n:
1481 1985 1560 2007 corr.

253 2019 400 2061 Scaliger
542 2030 564 2059 9
586 2019 698 2051 tubam
724 2021 774 2050 Ω·
806 2022 923 2058 typum
948 2016 1093 2049 Munna:
1118 2017 1201 2058 sort.
1230 2017 1319 2049 taba]
1344 2017 1397 2048 uel
1417 2017 1564 2049 tablam.

254 2062 388 2101 Hesych.
418 2061 548 2098 edeam
572 2062 711 2101 ταβῆλα·
742 2059 801 2092 ὑπὸ
828 2059 959 2101 Πάρθων
983 2060 1067 2092 οὕτω
1091 2061 1239 2091 καλεῖται
1266 2059 1401 2110 ὄργανον
1426 2059 1564 2101 κριβάνῳ

252 2103 441 2146 ἐμφερές,ᾦ
415 2117 534 2146 ῳρωχ
490 2105 603 2145 ρῶντω
630 2105 665 2136 ἑν
691 2105 757 2136 τοῖς
779 2103 927 2143 πολέμοις
951 2102 1022 2135 ἀντὶ
1052 2102 1149 2135 σάλπη
1151 2114 1241 2144 77.oe
1300 2102 1402 2144 cibe(i
1426 2073 1564 2143 La¹)les

255 2145 440 2179 GORLa¹·
432 2160 440 2180 ε
463 2159 505 2189 cy
507 2145 610 2181 bel¹es
627 2147 679 2180 Β.
702 2147 858 2186 Cybebes
870 2146 1002 2187 Bentley
1076 2150 1133 2178 tua
1149 2145 1333 2188 Calp.1481
1423 2150 1458 2177 tu
1470 2145 1559 2178 codd.

257 2201 296 2222 10
326 2191 409 2233 que]
442 2192 532 2232 quod
565 2189 944 2223 GORVenLaurentiam·
1028 2189 1133 2221 taur-ei
1161 2188 1321 2221 [Διώνης
1360 2188 1447 2220 tauri
1474 2194 1509 2219 et
1535 2190 1562 2219 Ω

257 2243 294 2265 12
310 2234 559 2276 ci(yA)be11es
577 2233 640 2266 OA
761 2242 799 2272 13
815 2232 1031 2264 dindimenee
1050 2231 1079 2264 G
1095 2230 1168 2273 (sed
1187 2235 1225 2263 ut
1245 2230 1386 2263 secunda
1405 2240 1426 2262 e
1448 2229 1562 2262 addita

248 2281 325 2317 post
347 2277 522 2317 mdeatur),
547 2276 604 2307 Ven
706 2285 829 2316 pecora
844 2275 1037 2307 Auantius:
1061 2279 1201 2315 pectora
1215 2277 1243 2306 Ω
1375 2282 1413 2312 14
1437 2273 1561 2305 aliena-

251 2330 316 2359 que
334 2324 360 2351 Ω
443 2324 520 2361 post
540 2320 614 2351 loca
637 2286 729 2350 mddp.
748 2317 878 2350 addunt
899 2317 1000 2350 celeri
1022 2316 1113 2358 quod
1131 2316 1327 2349 uocabulum
1354 2315 1564 2357 transferebat

251 2363 373 2394 omissa
397 2363 406 2393 i
430 2362 477 2394 ad
488 2363 593 2403 finem
616 2372 647 2394 u.
668 2371 708 2401 74
726 2360 860 2393 Ladnm.
