1682 2690
1115 117 1359 158 CARMEN
1391 115 1528 156 XCVI

191 245 274 285 quo
302 230 501 273 desiderio
530 237 683 271 ueteres
712 241 950 270 renouamus
979 241 1133 268 amores

244 305 366 350 atque
394 297 490 337 olim
520 295 659 336 missas
688 297 828 335 flemus
856 293 1061 342 amicitias,

191 370 297 404 certe
325 376 406 402 non
435 369 548 402 tanto
577 374 683 401 mors
711 360 922 400 immatura
951 358 1151 399 dolorei'st
1506 373 1526 405 5

247 427 478 479 Quintiliae,
508 434 701 479 quantum
731 426 878 477 gaudet
905 437 1040 464 amore
1068 431 1148 464 tuo.

757 536 920 576 XCVII

193 621 292 660 NON
323 619 393 671 (ita
422 632 486 659 me
515 618 557 659 di
584 618 737 670 ament)
767 617 982 669 quicquam
1011 618 1153 657 referre
1181 615 1330 668 putaui,

246 692 430 724 utrumne
459 697 503 723 os
531 698 583 724 an
612 685 746 723 culum
775 684 985 722 olfacerem
1015 682 1198 728 Aemilio.

191 750 274 790 nilo
302 749 491 789 mundius
520 750 608 797 hoe,
639 748 802 800 niloque
830 747 1076 787 immundius
1104 747 1213 795 illud,

246 829 385 855 uerum
414 814 532 854 etiam
561 816 673 854 culus
702 813 889 853 mundior
917 820 956 852 et
984 811 1147 852 melior:

193 894 287 920 nam
315 881 401 920 sine
429 880 616 920 dentibus
645 879 737 919 hie:
776 879 907 919 dentis
935 891 981 918 os
1011 877 1309 929 sesquipedalis,
1511 890 1530 924 5

245 945 423 998 gingiuas
452 958 548 984 uero
576 944 735 995 ploxeni
762 944 885 983 habet
912 942 1066 990 ueteris,

194 1018 394 1062 praeterea
421 1007 562 1049 rictum
592 1010 750 1060 qualem
780 1007 950 1048 diffissus
979 1006 1020 1045 in
1048 1013 1160 1046 aestu

247 1074 428 1114 meientis
457 1075 588 1113 mulae
616 1086 771 1112 cunnus
800 1073 946 1112 habere
975 1073 1085 1111 solet.

194 1140 258 1180 hic
286 1139 403 1179 futuit
432 1141 575 1178 multas
604 1145 644 1178 et
672 1151 715 1178 se
743 1137 836 1177 facit
865 1151 951 1177 esse
980 1144 1206 1186 uenustum,
1434 1190 1438 1194 ι

246 1212 287 1245 et
314 1218 396 1244 non
425 1203 591 1255 pistrino
620 1203 785 1243 traditur
812 1210 932 1254 atque
960 1202 1103 1242 asino?
1490 1218 1529 1242 10

193 1283 313 1322 quem
343 1269 456 1321 siqua
483 1269 649 1320 attingit,
680 1282 762 1308 non
791 1269 897 1307 illam
926 1281 1044 1319 posse
1072 1276 1258 1319 putemus

247 1335 395 1387 aegroti
424 1336 556 1375 culum
587 1333 734 1384 lingere
762 1333 986 1373 carnificis?

238 1451 260 1481 3
274 1451 340 1482 que
367 1439 421 1471 0:
454 1449 557 1480 quom
580 1439 628 1470 H.
649 1438 694 1471 A.
712 1438 816 1477 Koch,
833 1437 982 1469 Munro:
1016 1438 1095 1477 quei
1118 1437 1307 1469 Baehrens:
1338 1439 1429 1478 quod
1455 1438 1530 1471 Gul.

195 1483 307 1525 Meyer
392 1493 598 1515 renouamur
613 1482 644 1513 Ο
658 1483 690 1514 si
700 1485 776 1513 recte
786 1482 977 1521 interpretor
987 1482 1148 1513 renouaffi
1162 1492 1170 1512 ε
1195 1491 1393 1513 reuocamus
1404 1482 1532 1513 Busche

194 1538 215 1567 4
240 1538 320 1560 orco
335 1537 466 1558 mersas
482 1527 604 1568 Haupt
736 1536 756 1565 5
782 1525 872 1556 imm.
892 1524 993 1555 OVen
1097 1525 1260 1556 doloreist
1275 1525 1408 1565 scripsi:
1436 1525 1532 1557 dolor

195 1576 248 1602 est
274 1570 476 1602 GORVenB
498 1569 738 1602 Laurentium:
766 1569 884 1600 dolore
907 1572 959 1599 est
981 1567 1092 1600 ACa:
1119 1568 1229 1599 dolori
1250 1573 1302 1600 est
1320 1567 1377 1599 Dh
1509 1570 1531 1600 6

195 1613 348 1654 Quintile
367 1613 398 1645 Ο
414 1624 423 1645 t
446 1610 611 1653 Quintil¹e
629 1613 658 1644 G

238 1657 368 1689 XCVII
393 1667 469 1688 cum
485 1656 603 1688 XCVI
617 1657 810 1688 continuant
824 1659 862 1695 Ω,
882 1654 973 1686 nullo
986 1655 1092 1695 spatio
1104 1655 1209 1691 relicto
1309 1666 1324 1686 1
1350 1656 1529 1696 quicquam

194 1700 278 1742 Dap
295 1701 399 1733 Laur.
420 1710 472 1740 33.
497 1711 536 1732 12
553 1712 559 1732 :
585 1700 746 1740 quicquid
768 1700 809 1732 al.
825 1699 1004 1739 quicquam
1026 1697 1179 1731 BRVen:
1201 1698 1360 1740 quicquid
1379 1699 1529 1731 GOACh

194 1754 214 1774 2
238 1748 394 1775 utrumne
416 1743 464 1776 ed.
492 1743 623 1775 Trina:
656 1754 740 1774 num
775 1748 886 1775 utrum
911 1752 950 1774 os
980 1752 1022 1773 an
1057 1742 1235 1775 culumnez
1366 1753 1388 1783 3
1411 1743 1528 1774 nilom-

195 1787 354 1819 mundius
378 1786 426 1819 G:
460 1787 543 1818 nihil
566 1787 748 1818 omundius
774 1786 805 1817 O
908 1786 1073 1826 nobisque
1093 1785 1286 1817 inmundius
1310 1786 1391 1818 illud
1413 1789 1450 1827 Ω,
1466 1787 1533 1818 nisi

193 1830 287 1871 quod
300 1834 363 1870 pro
386 1830 551 1870 nobisque
579 1841 600 1861 a
622 1830 718 1861 habet
742 1830 919 1870 nihloque,
940 1830 976 1861 D
996 1829 1111 1869 nihilo,
1134 1828 1165 1859 Ο
1185 1830 1412 1870 compendium
1430 1832 1529 1872 scrip-

194 1876 288 1905 turae
314 1872 405 1914 quod
429 1877 490 1904 aut
513 1874 687 1914 nihiloque
722 1878 782 1904 aut
814 1874 980 1913 nobisque
1011 1873 1193 1914 significare
1217 1875 1334 1914 potuit,
1363 1877 1527 1915 praeterea

195 1917 388 1948 inmundior
403 1916 462 1948 illo
477 1920 523 1948 est
536 1917 571 1948 in
581 1917 625 1948 D.
674 1916 879 1957 Scripseram
897 1918 930 1948 in
947 1917 993 1948 ed.
1012 1927 1026 1948 1
1042 1917 1111 1947 nilo
1127 1917 1285 1948 mundius
1301 1917 1374 1956 hoc,
1390 1917 1528 1958 niloque

194 1959 387 1991 inmundius
410 1959 503 1999 illud,
530 1960 562 1992 h.
583 1971 607 1991 e.
631 1971 669 1991 os
693 1960 794 1991 nihilo
814 1960 974 1991 mundior
996 1971 1045 1991 res
1067 1963 1114 1991 est
1135 1960 1214 1998 ado,
1242 1960 1334 1991 culus
1355 1961 1456 1991 nihilo
1478 1961 1528 1992 in-

196 2002 357 2034 mundior
377 2013 427 2034 res
450 2007 499 2034 est
521 2014 574 2034 ore
587 2015 598 2035 :
627 2007 703 2044 post
728 2003 870 2038 intellexi
891 2003 966 2035 Gul.
988 2003 1025 2036 S.
1046 2003 1177 2034 Walker
1197 2003 1282 2034 idem
1305 2009 1472 2044 occupasse
1493 2005 1527 2035 in

196 2045 334 2087 Corpore
347 2045 433 2077 Poet.
454 2046 665 2079 Latinomm.
799 2056 819 2086 5
842 2047 887 2077 sic
901 2047 1067 2078 Rossbach
1085 2057 1093 2078 z
1117 2056 1192 2078 nam
1211 2047 1286 2078 sine
1301 2046 1459 2078 dentibus
1475 2053 1527 2079 est

195 2088 251 2120 hic
268 2089 341 2130 (hin
362 2094 522 2130 suprascr.
541 2099 560 2121 c
575 2090 625 2131 R)
642 2090 757 2121 dentis
779 2099 924 2129 seseque
949 2090 1079 2121 dedalis
1101 2093 1144 2121 n:
1172 2100 1249 2121 nam
1272 2090 1348 2121 sine
1371 2091 1528 2122 dentibus

195 2137 249 2163 est
279 2132 333 2164 hic
363 2133 475 2164 dentis
505 2132 569 2164 hos
586 2134 641 2172 (os
662 2133 698 2172 a)
724 2133 979 2174 sexquipedalis
1005 2134 1127 2174 (esque
1151 2144 1184 2174 p.
1204 2133 1240 2174 a)
1265 2133 1342 2165 Da:
1386 2138 1447 2165 est.
1472 2133 1526 2166 hic

196 2174 358 2208 Lachm.:
390 2175 461 2207 Est.
498 2185 537 2207 os
569 2175 734 2207 Froehh'ch
891 2177 914 2207 6
937 2176 1069 2216 ploxint
1101 2177 1218 2207 Festus
1237 2182 1274 2217 p.
1301 2187 1367 2217 290
1390 2176 1527 2209 Ponor:

195 2217 335 2258 ploxnio
353 2218 403 2250 O:
428 2218 587 2258 ploxonio
605 2219 739 2251 GRAC
749 2218 855 2251 Laur.
867 2229 920 2259 33.
935 2229 997 2251 12:
1031 2220 1184 2260 ploximo
1208 2220 1292 2252 Bod.
1318 2220 1394 2253 Lat.
1420 2220 1525 2254 Clas-s.

194 2268 219 2294 e.
242 2270 280 2300 15
358 2261 499 2302 Quintil.
517 2261 542 2293 1.
561 2271 593 2301 5.
611 2263 632 2293 8
645 2259 798 2294 Catullus
814 2263 998 2302 ploxenum
1015 2263 1103 2294 circa
1117 2262 1244 2295 Padum
1262 2264 1393 2296 inuenit
1506 2274 1525 2304 ¹7

194 2304 342 2336 diffissus
364 2303 514 2336 Statius:
551 2305 756 2347 def(f)essus
775 2307 810 2336 in
828 2305 987 2347 (a)estum
1008 2309 1034 2336 Ω
1129 2311 1226 2338 aestu
1249 2317 1271 2338 a
1402 2308 1424 2338 8
1445 2308 1529 2338 'mei-

195 2348 284 2379 entis
299 2347 334 2378 R
348 2359 356 2379 :
378 2348 547 2387 megentis
564 2346 629 2379 GO
754 2358 776 2388 9
793 2349 872 2380 facit
890 2348 1018 2380 ODah:
1045 2349 1125 2381 fecit
1141 2352 1168 2380 Ω
1302 2359 1341 2382 10
1363 2351 1524 2392 pristrino

198 2389 230 2421 O
363 2399 400 2422 11
425 2390 456 2422 si
469 2396 558 2431 quae
571 2390 604 2422 Ο
