1682 2690
1011 123 1255 165 CARMEN
1286 124 1468 164 LXVIII

190 237 267 276 tale
296 235 368 276 fuit
396 231 513 276 nobis
542 234 670 275 Allius
698 234 899 276 auxilium.

135 301 168 341 is
196 303 376 341 clausum
405 302 486 342 lato
513 300 699 352 patefecit
727 300 852 341 limite
881 313 1081 353 campum,

189 365 302 418 isque
330 367 498 406 domum
527 364 644 406 nobis
673 365 787 417 isque
815 366 926 407 dedit
955 366 1173 416 dominam,

133 433 186 472 ad
214 445 334 483 quam
364 444 598 471 communes
627 444 898 472 exerceremus
925 445 1091 472 amores.

187 509 269 548 quo
298 509 387 536 mea
415 509 458 536 se
486 495 596 537 molli
624 495 796 536 candida
825 496 919 536 diua
947 498 1051 548 pede
1428 512 1470 547 70

133 561 265 601 intulit
292 569 332 601 et
360 561 451 601 trito
479 562 695 613 fulgentem
723 561 765 601 in
793 560 929 602 limine
957 562 1134 614 plantam

187 625 341 666 innixsa
367 633 504 678 arguta
531 625 736 666 constituit
765 627 883 666 solea.

133 691 311 743 coniugis
340 698 383 730 ut
411 691 617 743 quondam
646 693 813 742 flagrans
841 691 1005 731 aduenit
1032 704 1168 731 amore

188 756 468 797 Protesilaeam
498 757 720 798 Laudamia
748 758 915 797 domum

133 822 332 873 inceptam
360 823 511 870 frustra,
542 824 724 863 nondum
752 835 845 862 cum
874 822 1065 873 sanguine
1093 834 1207 862 sacro
1430 837 1469 873 75

189 880 319 928 hcstia
346 887 525 928 caelestis
554 887 801 940 pacificasset
829 889 957 927 heros.

132 952 188 992 nil
217 952 315 992 mihi
343 959 425 1005 tarn
454 954 571 993 ualde
599 955 764 1005 placeat,
797 953 1017 992 Ramnusia
1046 952 1167 1004 uirgo,

188 1019 298 1069 quod
326 1024 474 1059 temere
502 1015 637 1058 inuitis
666 1017 900 1070 suscipiatur
928 1017 1042 1057 heris.

133 1096 254 1134 quam
282 1082 415 1124 ieiuna
442 1083 552 1135 pium
581 1082 779 1124 desideret
807 1096 874 1123 ara
902 1096 1093 1131 cruorem,

186 1149 306 1188 docta
334 1155 393 1188 est
420 1148 568 1188 amisso
597 1148 818 1188 Laudamia
846 1148 946 1196 uiro,
1427 1156 1470 1188 80

132 1212 311 1264 coniugis
339 1220 432 1253 ante
460 1220 599 1253 coacta
626 1213 723 1253 noui
751 1212 950 1253 dimittere
978 1214 1137 1260 collum,

185 1291 307 1328 quam
337 1277 502 1318 ueniens
530 1291 610 1317 una
638 1284 758 1329 atque
786 1279 907 1317 altera
935 1290 1067 1317 rursus
1095 1276 1224 1317 hiems

132 1342 317 1383 noctibus
346 1342 387 1382 in
415 1343 543 1395 longis
570 1342 735 1383 auidum
764 1349 975 1382 saturasset
1003 1355 1192 1390 amorem,

186 1415 320 1459 posset
349 1415 392 1447 ut
420 1408 590 1460 abrupto
618 1407 753 1448 uiuere
782 1406 978 1458 coniugio,

132 1474 243 1524 quod
271 1472 425 1514 scibant
454 1475 600 1513 Parcae
629 1486 711 1513 non
740 1474 860 1524 longo
888 1479 1068 1524 tempore
1095 1472 1237 1521 abisse,
1425 1480 1467 1523 85

186 1538 219 1578 si
247 1538 360 1579 miles
389 1552 523 1578 muros
551 1538 645 1578 isset
673 1539 726 1579 ad
756 1538 910 1578 Iliacos.

130 1616 225 1642 nam
253 1610 338 1642 tum
369 1605 553 1644 Helenae
581 1610 695 1655 raptu
723 1602 915 1654 primores
943 1601 1183 1654 Argiuorum

186 1676 370 1720 coeperat
397 1670 450 1709 ad
479 1681 565 1709 sese
593 1668 715 1708 Troia
742 1667 846 1708 ciere
874 1667 992 1716 uiros,

174 1771 220 1802 66
239 1771 338 1805 allius
360 1773 484 1815 (marg.
507 1772 562 1805 uel
584 1772 756 1812 manilius)
778 1772 824 1803 O:
853 1770 976 1804 malins
993 1770 1073 1803 La1:
1104 1769 1249 1803 manlius
1262 1773 1306 1803 n:
1329 1771 1465 1804 Manius

131 1813 270 1847 Lachm.
361 1818 404 1857 67
424 1817 573 1849 clausum
587 1816 618 1848 O
627 1819 657 1848 et
666 1816 777 1849 Paris.
785 1817 885 1857 7989:
903 1814 1031 1847 clasum
1045 1814 1084 1847 C:
1105 1814 1250 1847 classum
1264 1814 1470 1847 GRVenAB

131 1857 354 1892 Laurentium*
366 1872 374 1892 :
397 1861 545 1893 clussum
560 1859 716 1893 Schwabe
830 1859 876 1890 68
899 1859 1058 1891 dominae
1074 1859 1240 1890 Froehlich
1358 1861 1403 1899 69
1425 1861 1467 1891 ad

130 1912 232 1942 quam
243 1906 271 1935 Ω
284 1914 291 1935 :
316 1908 353 1936 ut
367 1903 454 1936 clam
462 1903 590 1937 Schoell
675 1914 716 1944 72
739 1901 850 1935 inixsa
861 1902 927 1934 La¹
943 1914 949 1934 :
974 1902 1111 1943 innixssa
1126 1902 1180 1934 B:
1203 1902 1298 1933 inixa
1310 1901 1342 1934 Ο
1356 1902 1466 1935 Panis.

133 1947 219 1987 7989
236 1947 239 1949 ’
318 1947 352 1979 in
373 1947 468 1980 solea
482 1947 519 1979 D
533 1958 541 1979 ε
564 1948 719 1980 constitit
734 1947 768 1979 in
784 1957 813 1980 s.
830 1946 911 1978 Ald.
934 1946 964 1985 Ι,
982 1945 1053 1977 edd.
1071 1949 1147 1978 ante
1164 1945 1304 1978 Lachm.
1428 1957 1467 1986 73

131 2000 281 2022 amorem
298 1993 325 2022 Ω
341 2002 350 2023 z
372 2001 523 2031 amorem
538 1991 593 2023 R:
617 2002 695 2023 corr.
715 1990 773 2022 Da
876 2000 916 2030 74
942 1989 1173 2032 Prothes(tes-
1189 1988 1336 2030 O)i1eam
1352 1988 1467 2021 laudo-

132 2034 198 2065 mia
214 2037 265 2066 n:
287 2033 375 2067 laod.
391 2040 435 2077 ap
553 2043 594 2075 75
616 2035 786 2075 inceptam
806 2032 999 2066 Turnebus:
1024 2033 1161 2074 incepta
1176 2035 1203 2063 Ω
1324 2033 1367 2072 76
1387 2043 1468 2065 con-

131 2077 283 2110 ciliasset
297 2076 356 2109 Da
458 2088 498 2120 77
522 2078 669 2111 ramusia
686 2077 738 2109 O:
763 2077 903 2110 ranusia
918 2080 946 2108 Ω
1050 2078 1092 2117 78
1114 2077 1184 2108 eris
1198 2075 1234 2107 D
1344 2086 1386 2117 79
1409 2077 1467 2108 de-

133 2120 261 2170 sideret
272 2126 319 2162 p:
342 2121 507 2154 deficeret
521 2124 550 2154 Ω
637 2123 682 2154 80
703 2121 873 2154 laudomia
889 2124 916 2152 Ω
932 2133 940 2153 :
963 2120 1050 2153 laod.
1065 2125 1109 2171 ap
1177 2120 1274 2169 uirgu
1293 2118 1323 2151 G
1338 2120 1463 2162 (marg.

132 2163 465 2241 ιέἕὲβξινιτιὲῗιείιῑι
481 2166 518 2240 513¹
539 2164 791 2241 Ξῖοκνῖἕῗὲηιξε)
817 2165 911 2249 iieuit
942 2166 1112 2248 ῃεοῖιίῗοῖἳι,
1130 2163 1467 2248 εξῇρέἲιῖιζιιιίῐῃῗίιξ

134 2261 242 2283 manu
254 2251 412 2293 scriptum
427 2252 469 2295 al.
484 2263 528 2285 uo
543 2264 551 2284 ε
574 2263 699 2286 nouum
712 2252 799 2294 Dap*
897 2252 939 2292 84
963 2252 1102 2292 abrepto
1115 2251 1291 2293 (suprascr.
1307 2251 1343 2291 u)
1353 2251 1462 2283 Paris.

155 2295 242 2336 989:
273 2295 462 2336 abinnupto
489 2295 541 2327 Oh
721 2297 766 2337 85
788 2295 917 2327 scirant
940 2294 980 2326 L.
1000 2294 1159 2327 Mueller:
1191 2295 1300 2326 scibat
1323 2293 1463 2326 Lachm.

132 2337 252 2370 abesse
265 2339 310 2380 ap
323 2339 450 2371 Munro
465 2351 472 2371 :
496 2338 618 2373 adesse
634 2339 760 2372 Santen
774 2351 780 2370 :
805 2339 918 2371 obisse
932 2339 1101 2371 Baehrens
1166 2339 1212 2370 86
1223 2342 1315 2371 esset
1326 2338 1363 2370 D
1376 2339 1467 2371 solus

133 2383 176 2424 87
200 2392 274 2415 cum
291 2383 325 2416 Ο
