1650 2684
217 99 456 141 CATVLLI

217 240 1083 256 ··············

217 305 1086 320 ··············

217 368 1085 383 ··············

216 433 1084 447 ··············

216 496 1085 512 ··············

216 527 393 582 [Hymen
423 531 460 570 O
491 532 732 581 Hymenaee,
765 535 925 584 Hymen
953 536 1047 575 ades
1075 536 1113 576 Ο
1143 536 1375 588 Hymenaee
1389 536 1415 591 ἒ]

754 681 928 710 1VVENES

215 749 1083 766 ··············

214 847 397 897 Namque
425 854 493 887 tuo
521 849 695 888 aduentu
724 849 856 901 uigilat
884 852 1063 891 custodia
1091 865 1255 904 semper,

213 917 330 949 nocte
357 912 477 950 latent
505 912 617 959 sures,
648 925 748 963 quos
777 913 881 953 idem
911 927 1027 966 saepe
1055 924 1262 965 reuertens,

214 974 404 1024 Hespere,
435 982 584 1014 mutato
611 977 860 1028 comprendis
888 978 1048 1018 nomine
1075 980 1248 1019 eosdem.
1480 998 1522 1031 35

212 1044 251 1076 at
279 1037 373 1077 libet
401 1038 574 1089 innuptis
602 1041 694 1079 ficto
721 1048 760 1080 te
787 1054 944 1092 carpere
971 1049 1122 1093 questu.

213 1100 309 1150 quid
337 1107 432 1148 tum,
462 1101 494 1141 si
523 1111 696 1153 carpunt,
726 1104 842 1144 tacita
869 1117 988 1155 quem
1017 1113 1149 1146 mente
1175 1107 1405 1159 requirunt?

215 1164 375 1214 Hymen
404 1164 441 1204 O
472 1166 717 1215 Hymenaee,
747 1169 907 1218 Hymen
933 1169 1029 1209 ades
1057 1170 1095 1210 O
1124 1172 1379 1221 Hymenaee!

743 1298 939 1327 VIRGINES

212 1355 267 1393 Vt
295 1354 367 1393 flos
395 1353 436 1392 in
463 1354 607 1405 saeptis
635 1362 806 1394 secretus
835 1356 1006 1396 nascitur
1033 1357 1166 1407 hortis,

212 1416 368 1467 ignotus
395 1417 538 1468 pecori,
568 1419 677 1457 nullo
704 1426 890 1459 contusus
917 1427 1054 1469 aratro,
1477 1440 1522 1473 40

212 1492 331 1531 quem
360 1481 534 1520 mulcent
561 1493 687 1529 aurae,
718 1482 844 1521 firmat
872 1484 942 1531 sol,
971 1485 1113 1523 educat
1140 1484 1266 1525 imber
1278 1500 1290 1534 ;

213 1544 324 1583 multi
353 1544 462 1583 illum
489 1545 610 1595 pueri,
640 1546 785 1585 multae
813 1553 998 1596 optauere
1026 1549 1201 1598 puellae:

213 1608 318 1647 idem
347 1620 437 1647 cum
465 1607 574 1648 tenui
602 1616 756 1659 carptus
784 1610 965 1649 defloruit
992 1612 1123 1662 ungui,

212 1672 308 1711 nulli
336 1672 445 1711 illurn
473 1673 594 1723 pueri,
624 1674 753 1713 nullae
780 1681 965 1725 optauere
991 1677 1167 1726 puellae:

212 1736 267 1775 sic
295 1736 416 1787 uirgo,
446 1737 542 1776 dum
570 1736 715 1776 intacta
743 1744 886 1786 manet,
915 1739 1011 1778 dum
1039 1752 1127 1779 cara
1155 1739 1234 1780 suis
1261 1748 1319 1781 est
1332 1755 1343 1790 ;
1476 1757 1520 1791 4⁵

255 1847 297 1878 35
319 1838 553 1879 compen-endis
567 1837 612 1872 T:
633 1841 840 1880 conprendis
853 1841 925 1874 Oet
938 1852 1027 1874 nunc
1041 1841 1071 1873 G
1156 1843 1292 1876 eosdem
1310 1846 1338 1876 Ω
1353 1856 1361 1877 ε
1382 1854 1521 1886 eospem

216 1881 261 1914 T:
286 1880 378 1912 Eous
395 1880 558 1913 Schrader
660 1884 706 1922 36
725 1888 760 1915 at
776 1883 857 1916 libet
872 1887 922 1917 n:
943 1885 1076 1917 adlucet
1095 1884 1126 1916 T
1243 1895 1285 1927 37
1307 1887 1449 1927 quittum
1471 1889 1521 1920 T:

211 1924 301 1964 quod
323 1924 365 1956 al.
387 1924 469 1964 quid
492 1928 603 1956 tamen
628 1923 745 1958 G½nz
777 1937 875 1967 quem
895 1925 954 1959 D:
983 1937 1105 1968 quemn
1131 1926 1179 1959 T:
1212 1939 1311 1969 quam
1328 1933 1356 1961 Ω
1477 1931 1522 1970 38

214 1967 372 2006 Kymeno
387 1966 574 2006 kymeneae
590 1967 788 2008 kymenales
803 1969 949 2010 kymeno
964 1970 1132 2012 hymenee
1147 1970 1178 2002 T
1293 1982 1336 2012 39
1357 1973 1392 2004 in
1409 1983 1516 2014 marg.

213 2009 329 2041 Puelle
347 2008 410 2041 GR
418 2009 511 2041 142·ss
556 2011 685 2051 saeptis
703 2010 735 2043 T
743 2023 752 2044 t
774 2013 881 2053 septis
895 2015 924 2044 Ω
1010 2023 1053 2052 4ο
1074 2012 1254 2046 conuolsus
1275 2014 1319 2046 T:
1343 2015 1522 2047 conclusus

214 2051 266 2084 O:
289 2058 448 2084 contusus
463 2056 490 2084 Ω
504 2056 535 2085 e!
547 2053 593 2085 sic
602 2053 636 2085 R
649 2053 706 2086 sed
718 2057 757 2086 ut
770 2059 783 2086 t
797 2060 896 2097 super
909 2065 1063 2087 rawmm
1076 2057 1121 2088 sit
1219 2066 1260 2095 ⁴1
1282 2058 1523 2097 quaemuleens

212 2095 389 2127 aurefirmn
410 2094 441 2127 T
528 2095 609 2128 Post
618 2096 706 2129 hunc
719 2107 753 2130 u.
771 2097 918 2129 excidisse
933 2108 1041 2129 unum
1057 2109 1191 2130 amum
1205 2100 1372 2132 cenoebant
1383 2100 1526 2143 Spenge'l

211 2141 242 2168 et
265 2137 465 2170 Hermann:
490 2138 549 2170 sed
562 2139 696 2172 nullnam
718 2140 854 2172 lacunae
872 2140 1047 2182 uestigium
1065 2141 1217 2182 praebent
1236 2141 1351 2174 coda-es
1477 2153 1522 2183 ⁴⁹

213 2180 372 2212 obtauere
397 2181 427 2213 T
549 2193 602 2224 43,
627 2193 647 2222 4
669 2193 737 2216 om.
764 2182 825 2215 To
951 2193 995 2223 45
1017 2183 1158 2223 Quintil.
1186 2184 1268 2217 Inst.
1296 2185 1392 2218 Orat.
1418 2185 1464 2218 ix.
1488 2195 1520 2225 3.

216 2224 255 2254 16
281 2224 431 2256 Catullus
460 2225 495 2257 ἰη
526 2224 750 2267 Epithalamio
780 2226 878 2258 ‘dum
909 2226 1049 2267 innupta
1082 2232 1207 2267 manet,
1236 2228 1314 2260 dum
1345 2238 1422 2260 cam
1451 2230 1522 2260 suis

212 2267 286 2306 est,’
312 2276 386 2299 cum
417 2268 511 2308 prius
535 2269 614 2300 dum
639 2269 806 2309 significat
832 2270 953 2310 quoad,
975 2278 1125 2310 sequens
1149 2279 1254 2310 usque
1269 2280 1311 2302 eo
1397 2271 1522 2303 intaeta

213 2311 262 2340 n:
304 2309 447 2351 innupta
476 2310 703 2352 Quintilianus
817 2313 895 2343 dum
925 2321 1002 2344 cara
1031 2311 1267 2353 Quintilianus,
1295 2311 1414 2345 BLa'z
1450 2319 1520 2346 tum
