1650 2684
1024 117 1267 159 CARMEN
1296 117 1440 156 LXIII

111 232 230 273 abero
257 233 353 280 foro,
384 233 588 284 palaestra,
618 230 748 271 stadio
777 236 816 271 et
843 230 1086 282 gymnasiis?
1397 235 1441 267 60

112 296 228 337 miser
254 310 278 336 a
306 296 437 346 miser,
465 297 712 348 querendum
741 302 801 336 est
834 294 952 335 etiam
985 302 1105 346 atque
1134 294 1265 342 etiam,
1295 293 1438 334 anime.

111 363 220 414 quod
248 363 354 401 enim
382 375 507 414 genus
535 362 729 413 figuraest,
760 374 834 412 ego
862 374 945 401 non
973 361 1084 412 quod
1112 359 1309 400 obierim?

111 439 184 479 ego
212 426 362 475 mulier,
392 439 467 478 ego
494 427 738 474 adolescens,
769 439 843 477 ego
872 426 1061 477 ephebus,
1093 439 1167 477 ego
1195 438 1305 477 puer,

111 505 184 543 ego
211 491 413 543 gymnasei
441 491 497 531 fui
525 492 610 539 flos,
641 504 715 542 ego
744 504 850 531 eram
879 492 1002 531 decus
1031 490 1132 531 olei:

111 556 208 597 mihi
235 556 376 596 ianuae
404 557 639 607 frequentes,
671 555 769 595 mihi
798 555 935 595 limina
963 554 1107 607 tepida,
1398 561 1440 602 65

112 621 208 661 mihi
236 620 383 661 floridis
412 620 569 661 corollis
598 619 781 661 redimita
808 622 952 661 domus
981 628 1075 668 erat,

111 686 371 738 linquendum
400 685 470 725 ubi
498 692 602 724 esset
631 692 718 724 orto
746 684 844 725 mihi
873 686 965 725 Sole
994 685 1235 725 cubiculum.

112 764 185 802 ego
212 764 320 790 nunc
347 751 468 790 deum
498 749 676 790 ministra
704 758 744 790 et
772 751 942 801 Cybeles
971 751 1118 790 famula
1146 752 1275 791 ferar?

111 829 185 867 ego
214 817 392 864 Maenas,
422 828 497 866 ego
526 814 605 864 mei
634 828 735 866 pars,
766 828 839 866 ego
867 815 927 854 uir
955 815 1095 855 sterilis
1124 817 1222 855 ero?

112 894 186 932 ego
212 880 347 920 uiridis
376 880 506 930 algida
536 881 634 920 Idae
662 880 756 919 niue
783 880 928 920 amicta
956 881 1044 921 loca
1073 882 1233 920 colam?
1403 896 1442 930 70

111 958 185 997 ego
212 944 335 984 uitam
363 958 477 996 agam
506 944 582 984 sub
609 944 698 984 altis
727 944 918 995 Phrygiae
946 944 1225 993 columinibus,

111 1009 180 1050 ubi
207 1023 323 1049 cerua
351 1009 591 1056 siluicustrix,
624 1009 693 1049 ubi
720 1022 814 1061 aper
842 1008 1151 1060 nemoriuagus?

111 1075 190 1115 iam
218 1074 296 1114 iarn
323 1076 434 1115 dolet
461 1075 572 1126 quod
600 1073 672 1125 egi,
704 1073 783 1113 iam
811 1073 970 1125 iamque
998 1073 1197 1125 paenitet.'

111 1139 232 1181 roseis
260 1146 303 1179 ut
331 1139 424 1180 huic
452 1138 604 1179 labellis
634 1139 786 1180 sonitus
815 1139 916 1179 citus
944 1139 1051 1188 abiit,

111 1204 286 1256 geminas
314 1205 482 1244 deorum
510 1204 562 1243 ad
589 1203 694 1242 auris
722 1216 828 1244 noua
855 1203 996 1243 nuntia
1023 1204 1205 1253 referens,
1402 1220 1440 1254 75

111 1268 167 1309 ibi
194 1268 328 1310 iuncta
356 1268 446 1320 iuga
473 1269 676 1313 resoluens
705 1268 856 1319 Cybele
885 1268 1068 1309 leonibus

153 1374 198 1406 60
220 1373 382 1414 gfimasiis
407 1373 455 1407 O:
501 1373 667 1413 ginnasiis
690 1372 724 1404 Β
747 1383 792 1405 m.
814 1378 882 1415 pn,
906 1372 964 1404 R:
995 1373 1173 1413 gimnasiis
1197 1373 1226 1406 C
1314 1373 1343 1406 G
1366 1373 1448 1415 quid

110 1416 257 1449 habuerat
278 1427 299 1448 a
323 1428 368 1449 m.
400 1422 451 1458 pr.
484 1427 552 1449 non
583 1417 717 1458 dispesci,
746 1428 835 1448 nuuc
863 1416 960 1448 habet
987 1417 1176 1457 gymnasiis
1319 1419 1444 1449 stadio-

110 1471 178 1501 que
200 1461 355 1502 gymnasi
378 1459 530 1492 Santen:
567 1459 771 1500 guminasiis
792 1470 850 1501 ego
873 1460 922 1493 ed.
941 1470 956 1492 1
1001 1459 1102 1492 Nunc
1126 1460 1332 1494 retinendum
1350 1465 1441 1501 puto,

111 1504 157 1536 sic
185 1508 224 1535 ut
241 1504 322 1546 jecit
347 1502 500 1544 Lachm„
536 1504 648 1535 stadio
675 1509 710 1535 et
737 1504 928 1544 gymnasiis
955 1507 1088 1536 mutata
1115 1504 1211 1546 specis
1241 1504 1340 1535 metri
1367 1515 1444 1536 cum

112 1547 147 1579 in
175 1549 236 1579 hac
263 1557 390 1588 quoque
414 1550 509 1589 parte
540 1551 656 1579 uersus
672 1547 732 1597 (sic
760 1550 799 1578 ut
827 1547 862 1579 in
886 1547 1006 1590 ῥνίονε,
1038 1556 1081 1588 54
1110 1553 1147 1579 et
1178 1557 1296 1579 earum
1331 1548 1444 1579 omnia

111 1590 254 1632 adirem)
285 1590 456 1623 admissus
485 1594 566 1622 esset
593 1601 629 1622 m
655 1590 770 1632 prxmo
794 1590 875 1632 pede
905 1591 1030 1623 iom'cus
1059 1601 1082 1623 a
1111 1601 1238 1623 minore
1265 1592 1376 1623 stadio
1407 1595 1444 1624 et

109 1643 201 1674 gym.
220 1634 326 1667 nasiis
454 1635 495 1666 61
519 1644 541 1666 a
558 1633 606 1666 C:
631 1633 677 1665 ha
695 1634 781 1666 OB.
804 1634 848 1665 ah
866 1633 930 1666 GR
939 1633 1063 1666 VenLa¹
1212 1635 1256 1666 62
1279 1635 1444 1676 figuraest

110 1677 272 1709 Lachm.:
289 1678 397 1717 figura
413 1681 466 1709 est
481 1680 510 1708 Ω
589 1687 659 1710 non
672 1678 764 1718 quod
780 1677 923 1709 obierim
939 1676 1091 1709 Statuas:
1116 1687 1187 1710 non
1203 1678 1285 1719 quid
1301 1679 1442 1710 abierim

111 1723 164 1752 Ω·
156 1745 164 1752 .
186 1731 257 1752 non
279 1722 371 1761 quod
394 1721 571 1753 habuerim
595 1720 760 1763 Scaliger:
791 1721 874 1762 fort.
900 1720 1043 1753 adierim
1197 1723 1240 1762 64
1263 1723 1443 1762 gymnasei

109 1763 218 1796 PhiL:
251 1765 331 1804 gi(y
357 1763 567 1804 Ac)mnasti
593 1768 621 1795 Ω
772 1765 817 1796 66
840 1765 965 1797 corolis
992 1765 1086 1806 Calp.
1118 1766 1221 1805 1481:
1255 1766 1390 1798 circulis
1412 1768 1440 1798 Ω

109 1808 152 1847 67
175 1807 371 1848 liquendum
398 1807 589 1840 GORCVen
642 1807 715 1840 solo
731 1811 758 1838 Ω
889 1810 936 1841 68
957 1818 1023 1849 ego
1040 1819 1104 1840 nec
1119 1811 1171 1841 ss:
1201 1818 1266 1849 ego
1290 1819 1334 1840 ne
1356 1809 1440 1843 Bod.

109 1849 186 1882 Lat.
207 1851 309 1883 Class.
326 1862 351 1884 e.
374 1861 436 1891 15.
466 1861 534 1892 ego
550 1862 619 1884 non
635 1861 680 1884 a.
711 1861 776 1892 ego
800 1862 891 1883 nunc
914 1851 1066 1884 Santen·
1097 1861 1208 1892 egone
1231 1857 1269 1884 ut
1290 1852 1440 1894 Bentley·

105 1893 181 1936 fbrt.
197 1905 284 1935 egon
300 1895 355 1927 hic
370 1895 402 1927 h.
413 1906 438 1928 e.
457 1905 514 1938 ego
529 1905 587 1937 qut
603 1895 752 1937 talisfui,
767 1906 809 1927 sc.
821 1906 997 1937 gymnas-ez
995 1895 1085 1936 flos,
1097 1906 1119 1927 a
1136 1896 1251 1927 multis
1261 1895 1445 1928 adamatus

111 1936 216 1980 ferar]
234 1938 383 1972 ferarum
406 1942 434 1971 Ω
578 1941 626 1980 69
646 1949 727 1980 pars
746 1938 775 1970 G
790 1939 836 1970 sic
848 1940 1006 1980 scn‘ptum
1022 1939 1119 1970 habet
1132 1942 1171 1970 ut
1185 1949 1219 1970 rs
1237 1943 1336 1981 super
1349 1949 1440 1972 rasu-

110 1991 187 2012 ram
202 1980 247 2013 sit
400 1993 442 2022 70
464 1981 544 2014 niue
569 1983 661 2025 Calp.
690 1993 729 2024 14
731 1984 795 2014 81.
820 1993 910 2014 nene
926 1986 977 2014 Ω·
1000 1993 1044 2014 ne
1060 1981 1222 2014 aetBod.
1241 1981 1317 2015 Lat.
1335 1982 1439 2017 class.

109 2034 314 2102 Z‘n‘niinibus
328 2025 812 2111 ⁷2¹2ezsslg¹¹3¹¹²25³¹⁵gffgfiassssg
829 2026 935 2112 355⁵·
954 2036 978 2057 ι’·
1000 2036 1039 2067 ¹⁵
1056 2029 1119 2109 ³¹7}
1132 2037 1139 2059 ²
1152 2025 1442 2102 sssffifflssl'ffn‘

111 2113 243 2144 nemori
260 2122 367 2152 uagus
383 2115 411 2144 Ω
529 2124 569 2154 74
592 2113 670 2146 huic
680 2118 707 2154 p
722 2125 730 2145 ε
760 2113 840 2144 hinc
858 2117 884 2144 Ω
901 2125 909 2145 :
939 2113 994 2145 hic
1011 2113 1144 2153 Bentley
1202 2112 1335 2145 sonitus
1359 2114 1443 2145 adiit

110 2158 158 2186 Ω;
181 2155 312 2188 sonitus
328 2156 415 2188 citus
429 2157 512 2189 adiit
526 2157 667 2197 Bentley,
684 2155 826 2198 Spengel
837 2168 845 2188 z
873 2158 1004 2188 sonitus
1021 2167 1129 2197 uagus
1145 2156 1228 2188 abiit
1242 2156 1443 2189 Ahlwardt:

110 2199 245 2231 sonitus
274 2199 357 2233 abiit
381 2199 474 2232 celer
492 2200 659 2233 Lachm.:
689 2208 720 2232 s.
751 2201 844 2232 celer
870 2201 923 2232 ab.
950 2200 1078 2240 Heyse:
1117 2210 1222 2232 sonus
1247 2200 1359 2232 editus
1386 2200 1437 2233 ab.

110 2241 274 2274 Froehlich
349 2252 391 2284 75
406 2244 541 2275 adauris
555 2243 605 2275 O:
630 2243 673 2276 ad
685 2253 788 2277 aures
799 2247 826 2275 Ω
843 2255 850 2275 :
873 2244 1014 2275 deorum
1025 2246 1104 2284 post
1114 2253 1217 2276 aures
1229 2243 1266 2275 D
1311 2244 1441 2276 referre

111 2285 199 2318 Phil.
283 2287 431 2327 gemitus
464 2287 540 2319 Gul.
562 2286 724 2329 Wagner:
760 2287 918 2328 geminas
944 2287 1061 2318 matris
1087 2287 1130 2319 ad
1156 2287 1249 2319 auris
1274 2286 1440 2321 Laetum:

110 2329 268 2362 dominae
287 2330 405 2363 matris
428 2331 472 2363 ad
494 2342 524 2363 a.
539 2330 690 2364 Busche:
713 2331 874 2364 dominae
890 2332 1031 2363 deorum
1047 2330 1091 2364 ad
1106 2341 1136 2364 a.
1157 2330 1340 2365 Richards:
1355 2332 1437 2372 sort.

112 2373 289 2413 geminans
307 2404 310 2405 ⁷
415 2375 459 2414 76
481 2374 537 2406 ubi
554 2377 581 2406 Ω
