1592 2664
200 108 444 148 CATVLLI

308 243 1045 254 ............

305 498 1044 508 ιιιιιιιιιιιι

304 533 335 572 si
364 546 444 573 non
472 532 605 572 omnia
631 532 836 583 displicere
864 533 1007 572 uellem

303 597 374 637 tibi
402 604 441 637 et
469 596 632 636 Fufficio
659 596 743 636 seni
771 603 928 636 recocto
1485 610 1505 643 5

303 724 466 763 irascere
493 723 634 763 iterum
662 723 760 763 meis
787 722 928 762 iambis

301 787 593 836 inme-rentibus,
623 787 740 828 unice
766 786 985 839 imperator.

698 949 772 987 LV

301 1042 490 1088 ORAMvs,
519 1039 552 1079 si
579 1040 677 1079 forte
705 1052 785 1079 non
815 1039 1022 1079 molestum
1050 1045 1119 1087 est,

299 1107 544 1145 demonstres
571 1103 640 1143 ubi
667 1102 745 1143 sint
773 1110 862 1143 tuae
890 1103 1084 1143 tenebrae.

300 1176 340 1209 te
366 1181 508 1219 campo
536 1166 803 1219 quaesiuimus
831 1166 992 1213 minore,

298 1240 337 1272 te
365 1233 405 1271 in
434 1231 561 1279 Circo,
593 1238 631 1270 te
659 1230 699 1269 in
728 1230 912 1270 omnibus
939 1228 1092 1277 libellis,

298 1304 337 1336 te
364 1296 405 1335 in
434 1296 581 1346 templo
609 1294 752 1334 summi
782 1293 890 1333 Iouis
918 1300 1079 1334 sacrato.
1481 1305 1502 1339 5

298 1360 339 1399 in
369 1359 505 1411 Magni
532 1359 648 1398 simul
675 1357 941 1398 ambulatione

298 1425 472 1464 femellas
500 1435 649 1470 omnes,
679 1421 815 1469 amice,
846 1420 995 1472 prendi,

296 1500 393 1538 quas
421 1488 532 1526 uultu
561 1485 643 1526 uidi
670 1492 802 1524 tamen
830 1497 995 1524 serenas.

296 1555 350 1592 †a
377 1551 520 1597 uelter,
551 1549 607 1588 sic
634 1548 717 1600 ipse
746 1547 979 1599 flagitabam,
1197 1591 1200 1594 ,

298 1613 521 1655 Camerium
550 1612 646 1652 mihi
673 1611 866 1663 pessimae
894 1612 1058 1663 puellae.
1461 1625 1498 1648 ιο

231 1728 250 1757 4
266 1717 294 1748 si
308 1727 376 1748 non
390 1716 512 1754 omnia,
527 1715 704 1754 displicere
718 1713 840 1746 uellem
853 1712 977 1746 Mamm
1057 1723 1078 1753 5
1095 1712 1121 1744 F
1121 1711 1176 1744 uff.
1189 1710 1355 1752 Scaliger:
1370 1710 1497 1743 sufficio

189 1760 240 1791 uel
253 1760 374 1791 suffitio
385 1762 411 1790 Ω
498 1758 572 1789 seni
589 1761 723 1789 recocto
741 1757 830 1798 Calp.
848 1758 925 1797 1481
939 1768 947 1789 ι
971 1755 1105 1788 seniore
1121 1759 1218 1787 coeto
1233 1755 1347 1795 (cocto
1358 1753 1401 1786 al.
1414 1764 1437 1794 p
1452 1753 1496 1795 G)

189 1802 251 1834 OG
261 1814 269 1833 ε
292 1802 428 1834 seniore
438 1805 539 1841 copto
549 1803 576 1831 Ω
621 1800 711 1832 Inter
718 1808 739 1840 5
749 1801 807 1831 et6
816 1800 933 1832 codices
942 1802 1068 1841 praeter
1077 1797 1108 1829 Ο
1118 1797 1235 1829 habent
1248 1806 1285 1829 m
1300 1805 1494 1835 εΑιειυνι,

185 1845 242 1877 sed
264 1845 292 1877 G
313 1847 443 1876 tantum
465 1845 499 1875 in
520 1843 687 1884 margine5
723 1842 755 1875 Ο
769 1842 968 1884 αάεοῄοὶιυη
989 1841 1083 1873 habet
1098 1854 1142 1882 a,
1157 1849 1222 1882 quo
1243 1839 1324 1871 noui
1342 1839 1497 1871 canninis

186 1888 317 1919 inz'u'um
339 1887 532 1928 plerumque
553 1885 763 1927 sagmjftcatur.
820 1885 994 1917 Lacunam
1016 1883 1162 1916 indicaui
1311 1892 1330 1923 7
1359 1891 1495 1923 signum

185 1930 440 1972 interrogationes
450 1933 525 1970 post
539 1930 721 1970 imperator
735 1927 811 1960 add.
828 1928 922 1959 Riese

230 1973 288 2004 LV
313 1983 326 2004 1
352 1973 514 2004 molestus
536 1982 574 2004 es
590 1975 616 2002 Ω
759 1981 779 2002 2
803 1970 988 2002 demostres
1003 1969 1038 2001 D
1051 1972 1082 2000 et
1093 1967 1161 2000 cod.
1177 1966 1347 1999 Ashbum.

186 2017 220 2047 in
242 2017 371 2047 minore
387 2019 433 2047 n:
464 2016 500 2046 in
523 2014 581 2047 del.
605 2013 769 2055 Scaliger:
804 2018 838 2045 te
861 2014 897 2044 in
919 2022 1035 2053 campo
1055 2022 1089 2052 q.
1106 2012 1235 2043 minore
1251 2010 1351 2051 salig
1475 2020 1495 2048 4

185 2064 220 2091 te
235 2059 269 2090 in
289 2059 345 2132 (Ξ.)
367 2059 400 2090 id
421 2058 463 2090 al.
483 2059 517 2089 in
538 2056 689 2088 GRVen:
718 2056 751 2087 id
770 2054 821 2087 Oh
918 2055 1044 2096 ligellis
1066 2054 1162 2096 Bapt.
1181 2053 1374 2086 Guan‘nus:
1400 2050 1497 2083 Gom

190 2102 278 2134 Thes.
301 2102 330 2134 G
341 2112 403 2133 oss.
420 2100 559 2132 Emend.
576 2099 723 2140 ligellum
740 2098 941 2139 tuguriolum
1073 2108 1091 2137 7
1115 2096 1234 2137 prendi
1252 2095 1305 2128 0:
1329 2094 1494 2136 prehendi

185 2148 212 2175 Ω
350 2146 371 2176 8
394 2153 533 2176 serenas
555 2142 644 2174 AD:
672 2151 792 2173 serena
814 2144 863 2173 n:
895 2150 1018 2173 sereno
1039 2140 1061 2172 h
1084 2140 1183 2180 Phil„
1205 2138 1332 2170 Μυκη)

185 2199 204 2219 a
225 2187 315 2219 uelte
341 2185 543 2219 GOVenAC
561 2189 591 2217 et
609 2186 655 2217 sic
674 2185 708 2216 R
732 2195 777 2216 m.
807 2189 880 2225 pn:
911 2189 1011 2216 ue·te
1034 2183 1068 2215 R
1090 2192 1192 2215 corn:
1226 2192 1247 2214 a
1269 2180 1373 2213 uelite
1395 2178 1495 2211 BLa¹

185 2230 270 2262 Phil.
305 2229 370 2262 cod.
405 2229 598 2261 Ashbum.:
643 2227 711 2259 auli
749 2233 784 2259 te
819 2226 912 2259 Bodl.
947 2227 1022 2258 Lat.
1057 2225 1160 2257 Class-
1189 2235 1214 2257 e.
1254 2233 1316 2264 15:
1350 2221 1495 2255 annuistis

184 2273 392 2304 Doederlein:
423 2281 529 2304 nuens
553 2277 587 2303 te
602 2269 774 2302 Schwabe:
804 2270 934 2310 puellae
949 2269 1042 2300 Birt:
1070 2267 1171 2300 auelli
1186 2270 1219 2299 ta
1301 2265 1359 2297 ani
1386 2265 1495 2306 infini-

186 2316 294 2347 h'uum
313 2315 557 2347 exclamationis
582 2314 701 2346 Owen:
735 2313 811 2345 nint
828 2317 862 2344 te
883 2322 950 2354 ego,
975 2310 1065 2352 quod
1078 2309 1234 2352 probauit
1284 2331 1293 2341 .
1316 2308 1436 2341 Plesa’s
1460 2308 1495 2340 in

185 2357 287 2391 libello
309 2358 419 2391 Traite'
438 2358 476 2390 de
494 2356 651 2398 Mimqm
670 2355 806 2398 quue
818 2359 849 2388 et
859 2355 978 2388 Latine
985 2359 1021 2397 p.
1032 2362 1099 2395 305
1157 2353 1230 2394 ipse
1244 2354 1295 2384 n:
1318 2361 1424 2393 usque
1438 2361 1496 2393 ego
