1682 2690
240 110 482 152 CATVLLI

779 263 961 304 XCVIII

240 344 291 382 IN
320 349 372 391 te,
400 343 430 382 si
460 342 500 382 in
528 355 781 394 quemquam,
808 343 886 382 diei
914 350 1018 395 pote,
1049 343 1185 395 putide
1211 343 1327 394 Victi,

292 406 333 446 id
361 408 469 457 quod
498 406 673 446 uerbosis
701 406 842 446 dicitur
869 414 908 447 et
935 407 1061 447 fatuis.

239 471 312 510 ista
340 484 430 510 cum
459 470 603 521 lingua,
631 471 662 510 si
691 484 784 510 usus
812 471 944 511 ueniat
972 471 1053 519 tibi,
1084 471 1209 523 possis

292 536 402 574 culos
431 541 469 574 et
497 534 673 585 crepidas
702 534 847 586 lingere
875 535 1104 586 carpatinas.

240 598 271 637 si
300 611 373 637 nos
401 598 565 637 omnino
591 598 651 638 uis
679 612 818 638 omnes
845 600 1018 650 perdere,
1048 599 1165 648 Victi,
1529 616 1549 651 5

295 662 444 703 hiscas:
483 662 646 703 omnino
673 665 782 715 quod
810 664 922 715 cupis
951 663 1105 704 efficies.

775 771 912 812 XCIX

240 851 439 890 Svmupvx
470 849 551 899 tibi,
581 852 677 891 dum
706 851 820 899 ludis,
850 851 995 891 mellite
1025 851 1194 901 quenti,

293 915 513 954 suauiolum
541 915 646 955 dulci
675 916 827 955 dulcius
854 916 1060 956 ambrosia.

239 992 376 1018 uerum
404 978 445 1018 id
473 991 553 1018 non
581 979 742 1030 impune
770 979 863 1019 tuli:
901 993 1072 1031 namque
1098 980 1266 1032 amplius
1293 982 1429 1022 horam

293 1043 471 1082 suffixum
500 1042 540 1081 in
568 1055 722 1082 summa
749 1056 813 1083 me
841 1043 1001 1083 memini
1029 1057 1115 1084 esse
1142 1057 1268 1092 cruce,

240 1108 335 1146 dum
364 1106 435 1146 tibi
464 1120 527 1145 me
554 1119 678 1157 purgo
705 1120 779 1147 nec
807 1121 966 1159 possum
995 1108 1151 1147 fletibus
1179 1108 1267 1147 ullis
1530 1123 1550 1158 5

294 1170 487 1210 tantillum
516 1178 667 1210 uestrae
695 1172 853 1211 demere
881 1171 1075 1211 saeuitiae.

241 1247 332 1274 nam
361 1233 476 1273 simul
504 1233 545 1274 id
574 1236 719 1274 factum
747 1243 821 1284 est,
849 1235 979 1275 multis
1008 1236 1131 1276 diluta
1158 1235 1300 1275 labella

294 1298 412 1350 guttis
440 1298 652 1338 abstersisti
682 1299 867 1339 omnibus
894 1299 1076 1348 articulis,

241 1376 291 1402 ne
319 1362 530 1413 quicquam
558 1370 692 1402 nostro
720 1371 964 1402 contractum
992 1377 1039 1403 ex
1066 1377 1133 1403 ore
1161 1371 1345 1413 maneret,

294 1433 494 1477 tamquam
523 1426 756 1467 commictae
784 1440 924 1479 spurca
951 1427 1072 1467 saliua
1098 1429 1223 1478 lupae.
1511 1443 1553 1468 10

242 1498 439 1542 praeterea
466 1490 650 1530 infestum
680 1490 822 1530 misero
850 1504 914 1531 me
941 1492 1092 1531 tradere
1119 1491 1242 1531 amori

295 1567 375 1593 non
402 1553 561 1594 cessasti
589 1554 777 1605 omnique
805 1554 1022 1594 excruciare
1051 1555 1183 1602 modo,

242 1625 284 1657 ut
313 1618 366 1657 mi
395 1631 442 1658 ex
468 1618 664 1658 ambrosia
691 1626 884 1658 mutatum
913 1619 990 1658 iam
1020 1620 1118 1658 foret
1145 1619 1242 1659 illud

295 1682 514 1721 suauiolum
543 1681 641 1721 tristi
669 1682 813 1722 tristius
841 1682 1025 1722 elleboro.

284 1784 428 1816 XCVIII
451 1794 526 1816 cum
541 1783 606 1816 XC
608 1783 675 1816 VII
686 1786 876 1817 continuant
889 1788 927 1825 Ω,
947 1785 1039 1818 nullo
1054 1786 1160 1827 spatio
1182 1785 1282 1818 mb‘cto
1383 1794 1398 1816 1
1416 1786 1548 1826 inquam

240 1837 338 1868 quam
355 1830 382 1859 Ω
452 1832 530 1867 pote
545 1837 613 1859 om.
632 1828 664 1859 Ο
736 1828 827 1859 Vetti
842 1828 993 1860 Statius:
1015 1828 1097 1860 Vitti
1112 1827 1232 1869 Haupt
1349 1837 1412 1868 n-5
1433 1839 1501 1861 om.
1515 1828 1552 1861 D

241 1870 474 1944 >carpsit-iaus
486 1869 645 1944 (gang-O)
665 1869 726 1901 GO
734 1914 755 1945 d
771 1871 1224 1946 carpatiansdalfiicarpaltliffi
1238 1869 1306 1920 RB
1403 1872 1426 1902 6
1440 1870 1552 1904 hiscaz

271 1923 345 1944 oss:
392 1922 477 1944 :scas
534 1924 540 1945 :
587 1923 656 1945 :cas
702 1925 709 1946 :
757 1923 865 1945 erscas
977 1924 996 1946 e
1032 1923 1107 1945 scas
1219 1913 1339 1945 nckson

283 1955 399 1987 XCIX
435 1967 511 1987 cum
540 1918 694 1988 XCVIII
718 1919 977 1999 continuavero,
1010 1956 1101 1987 nullo
1129 1957 1233 1997 spatii»
1261 1956 1385 1987 nh'ctoz
1428 1956 1462 1988 t‘n
1492 1955 1549 1988 Da

240 1999 394 2040 spatium,
408 1999 443 2029 in
454 2009 518 2038 quo
527 2007 574 2030 Αο
585 2008 775 2031 ιννεκτινκ
892 2009 906 2030 x
929 1998 1082 2039 Surripui
1093 1997 1149 2029 Da
1162 2009 1169 2029 :
1191 1998 1364 2038 Surmpuit
1375 1998 1551 2039 Ofortasse

235 2046 298 2082 pm
318 2042 510 2081 surrupuit:
542 2041 712 2082 Surripui:
727 2045 755 2073 Ω
844 2042 971 2074 iuuenti
995 2041 1048 2072 R:
1073 2041 1199 2072 uiuenti
1213 2039 1321 2074 Ponte.
1338 2042 1424 2082 7989
1438 2052 1483 2073 m.
1497 2046 1548 2082 pr.

239 2083 282 2115 In
299 2084 392 2116 Goc
397 2083 453 2115 Vm
469 2084 528 2115 uix
547 2083 696 2117 dinoscas
716 2085 763 2116 iu·
786 2095 829 2117 an
854 2085 902 2116 ui·
927 2087 1098 2116 mmmm
1118 2084 1162 2114 sit
1321 2093 1342 2114 a
1362 2083 1547 2116 mumolum

243 2125 403 2158 GORnn
417 2131 448 2158 et
463 2127 604 2168 plerique
671 2127 817 2168 amb(am
835 2126 969 2169 G)rosio
984 2130 1021 2166 Ω,
1039 2125 1130 2167 quod
1139 2125 1307 2167 defensum
1322 2125 1389 2157 :Dat
1400 2126 1494 2158 Ndhe
1504 2126 1553 2158 ad

240 2168 342 2202 Diras
350 2174 381 2209 p.
396 2170 460 2209 238
562 2180 579 2210 7
595 2171 639 2202 ad
652 2175 712 2212 pro
726 2170 759 2202 id
777 2170 806 2202 G
820 2181 828 2202 ε
852 2181 936 2202 num
951 2171 1012 2202 aet
1118 2169 1140 2200 8
1162 2169 1346 2200 abstersisti
1361 2167 1409 2201 ed.
1429 2167 1548 2207 Τήιος,

238 2210 409 2244 Schmidt:
442 2213 581 2254 astersis
604 2213 657 2245 B:
687 2213 841 2244 abstersti
866 2212 907 2254 Ο,
929 2211 1125 2244 Ammius:
1157 2211 1333 2253 a(b)stersi
1349 2213 1377 2242 Ω
1525 2221 1549 2251 9

240 2265 283 2286 ne
300 2254 354 2286 Db
369 2266 376 2286 :
401 2265 462 2286 nec
478 2258 506 2286 Ω
618 2266 659 2288 ιο
679 2256 820 2288 comicte
837 2254 885 2288 G:
909 2255 1095 2287 conmincte
1110 2253 1210 2285 Rnn
1322 2262 1360 2284 11
1387 2253 1546 2285 infestum

241 2298 363 2329 misero
381 2297 413 2329 Β
429 2297 514 2330 Phil.
543 2297 591 2330 Ca
631 2309 662 2330 .:
696 2298 815 2330 infesto
838 2298 996 2330 miserum
1019 2299 1069 2328 n:
1100 2306 1185 2327 num
1206 2295 1375 2328 infausto?
1507 2304 1547 2335 ¹3

239 2339 321 2371 mihi
337 2350 381 2371 ex
395 2340 568 2383 ambros(x
583 2303 666 2382 gio
682 2344 709 2372 Ω
723 2351 732 2373 2
754 2350 830 2372 corr.
850 2340 906 2372 Da
1037 2348 1076 2379 14
1098 2347 1195 2371 sunu.
1210 2337 1266 2370 Da
1281 2349 1290 2370 t
1311 2347 1385 2370 nu.
1399 2339 1428 2369 Ω
