1592 2664
629 106 946 147 PRAEFATIO

132 222 215 255 arta
251 212 483 264 cognatione
514 224 605 250 cum
638 212 679 249 B
709 211 931 259 cohaerent,
970 216 1015 249 ut
1046 222 1094 249 ex
1130 207 1187 248 eis
1218 220 1336 259 saepe
1367 208 1443 247 col-

135 278 271 329 ligatur
296 276 392 327 quid
414 275 454 315 in
473 276 514 314 B
542 273 669 314 suerit.
726 274 777 312 Et
805 273 880 312 La'
906 273 1068 324 quidem
1089 285 1172 313 non
1197 271 1265 312 diu
1289 278 1380 323 post
1403 272 1446 310 B

135 343 289 382 uidetur
320 340 537 390 descriptus
551 352 563 387 ;
603 339 692 377 Vat.
732 340 833 387 1630
865 336 1067 385 recentior,
1095 349 1227 388 neque
1257 349 1282 375 a
1313 348 1378 375 me
1404 334 1444 374 in

135 400 211 445 hoc
230 404 363 443 libello
381 403 596 443 exhibetur.
654 402 839 441 Ceterum
859 414 941 441 non
959 399 1070 452 parui
1093 407 1184 439 sunt
1205 412 1308 451 quae
1331 411 1446 450 pecu-

136 468 242 509 liaria
260 467 299 506 in
319 467 434 506 BLa¹
455 473 611 514 extant3
640 478 806 516 quorum
825 472 975 516 partem
994 466 1059 504 hic
1077 477 1196 516 pono.
1266 464 1375 502 LXV
1401 475 1446 510 14

139 532 298 572 Dauilas
329 530 457 579 BLa¹,
491 529 642 569 Bauilla
677 530 723 576 0,
759 528 916 569 Bauilas
947 542 996 568 ex
1028 527 1165 568 Bauila
1201 528 1251 573 G,
1287 526 1448 566 Daulias

141 596 319 636 Catullus
332 608 343 642 ;
372 594 503 633 LXVI
534 604 556 643 5
586 593 778 632 sublamia
804 594 857 641 B,
886 591 1109 633 sublamina
1131 592 1177 639 0,
1204 589 1387 630 sublimia
1409 592 1449 630 G

136 666 172 698 et
179 660 362 710 plerique,
389 658 464 696 sub
488 656 641 696 Latmia
667 657 873 705 Catullum
900 657 1035 696 LXIV
1060 669 1133 695 211
1161 662 1333 695 erectum
1359 654 1447 702 La¹,

137 730 325 762 errectum
341 723 383 760 B
401 734 449 760 m.
461 728 541 772 pr„
563 727 739 771 ereptum
750 721 934 771 plerique,
957 720 1224 760 Erechtheum
1244 719 1426 759 Catullus
1441 733 1451 767 3

139 788 271 826 LXVI
308 797 355 836 25
388 791 508 835 atque
539 797 614 835 ego
645 791 750 825 certe
782 784 911 833 BLa1,
944 792 986 824 at
1017 797 1091 836 ego
1125 790 1230 823 certe
1266 783 1388 824 GOR
1416 789 1454 822 et

130 851 313 902 plerique.

193 916 306 964 Quae
338 911 527 964 quoniam
559 913 610 951 ad
643 913 847 952 ueritatem
875 920 943 952 aut
973 911 1132 964 propius
1161 913 1356 952 accedunt
1383 919 1452 952 aut

140 985 303 1029 possunt
335 977 523 1016 accedere
556 975 683 1027 (uelut
716 977 848 1016 LXVI
883 977 951 1027 25)
979 989 1099 1028 quam
1131 977 1260 1025 GOR,
1294 976 1347 1016 ab
1374 975 1453 1015 alio

140 1044 248 1082 sonte
263 1042 448 1081 uidentur
461 1039 636 1080 deriuata
650 1047 769 1091 atque
784 1040 824 1079 hi
840 1041 1005 1081 fuerunt.
1055 1042 1149 1080 Hoc
1163 1040 1279 1081 dico:
1303 1039 1454 1080 codicis

141 1105 224 1146 eius
247 1104 471 1156 principalis
494 1103 578 1144 siue
600 1104 799 1156 archetypi
825 1117 945 1156 quem
964 1104 1204 1145 Veronensis
1223 1105 1325 1156 (siue
1348 1110 1455 1143 carta

140 1183 187 1210 ea
206 1171 289 1210 siue
315 1181 482 1220 papyrus
507 1168 596 1220 suit)
618 1176 711 1209 ante
742 1182 813 1220 132
818 1182 842 1220 3
865 1171 1078 1218 inuenerat,
1106 1168 1319 1220 nonaginta
1341 1167 1455 1208 annis

142 1232 486 1281 intercedentibus,
518 1233 573 1272 ita
604 1232 774 1274 uariasse
800 1234 1025 1286 apographa
1051 1240 1095 1273 ut
1123 1246 1206 1272 non
1233 1245 1388 1285 semper
1414 1234 1454 1272 in

142 1298 426 1346 uetustissimis,
456 1298 527 1337 sed
557 1296 754 1338 interdum
783 1297 902 1338 etiam
935 1297 976 1337 in
1006 1296 1298 1346 recentioribus,
1324 1296 1456 1349 qualia

143 1370 233 1403 sunt
263 1362 394 1409 BLa¹,
426 1361 565 1402 melius
596 1375 643 1402 ac
673 1362 828 1402 fidelius
859 1369 1169 1414 repraesentetur
1199 1363 1241 1403 id
1274 1362 1384 1413 quod
1415 1361 1456 1401 in

142 1428 353 1478 archetypo
384 1425 451 1466 illo
480 1426 665 1465 traditum
698 1427 833 1466 fuerat.
891 1426 1001 1466 Hinc
1031 1427 1152 1466 credo
1183 1427 1366 1478 explicari
1398 1433 1458 1466 tot

142 1492 380 1530 alternantes
395 1489 584 1531 lectiones
598 1502 699 1541 quae
714 1489 755 1529 in
774 1491 814 1531 G
827 1498 867 1530 et
881 1492 923 1530 R
937 1490 1181 1542 reperiuntur
1193 1504 1205 1540 ;
1231 1503 1335 1542 quae
1348 1497 1392 1530 ut
1405 1490 1458 1530 ab

143 1555 382 1606 archetypon
397 1555 552 1595 diuerse
568 1553 911 1605 interpretantibus
926 1553 1011 1594 sine
1022 1554 1148 1595 dubio
1162 1562 1271 1595 ortae
1285 1562 1387 1603 sunt,
1404 1554 1459 1595 ita

145 1633 192 1659 ex
210 1619 423 1669 archetypo
441 1631 523 1657 non
543 1618 630 1669 ipso
648 1630 812 1669 semper,
834 1619 906 1658 sed
923 1618 1157 1670 apographis
1176 1619 1260 1659 eius
1278 1618 1458 1670 depromi

145 1689 336 1734 poterant,
350 1681 482 1733 qualia
493 1681 592 1722 inter
609 1695 624 1720 1
631 1694 681 1732 32
686 1694 709 1732 3
722 1689 761 1722 et
778 1695 794 1721 1
801 1693 849 1733 37
855 1694 876 1733 5
890 1695 972 1734 quo
982 1694 1089 1722 anno
1100 1681 1319 1734 descriptus
1331 1689 1389 1722 est
1406 1683 1456 1730 G,

145 1754 300 1787 exarata
318 1759 404 1787 esse
423 1745 611 1786 credibile
629 1753 699 1786 est.
757 1747 850 1787 Non
874 1746 989 1798 igitur
1015 1746 1156 1786 mirum
1176 1746 1209 1786 si
1233 1754 1272 1787 et
1295 1746 1336 1787 in
1361 1746 1460 1799 C(ol-

145 1811 306 1864 bertino)
324 1818 364 1851 et
382 1812 424 1851 in
437 1812 477 1851 A
481 1810 728 1863 (mbrosiano)
741 1818 861 1862 atque
878 1812 981 1852 adeo
995 1811 1036 1851 in
1050 1811 1262 1863 marano),
1278 1811 1461 1863 quamuis

151 1877 223 1918 CA
245 1875 378 1916 medio
396 1876 476 1915 fere
495 1888 597 1915 saec.
616 1888 676 1925 xv,
697 1877 745 1915 D
762 1889 844 1916 non
862 1883 955 1916 ante
978 1878 1078 1927 1463
1093 1875 1312 1928 descriptus
1331 1876 1457 1925 suerit,

149 1941 345 1982 interdum
373 1946 506 1980 extant
531 1939 696 1991 uestigia
722 1940 939 1981 lectionum
965 1953 1067 1992 quae
1092 1940 1231 1981 ceteris
1256 1940 1462 1981 codicibus

148 2003 370 2056 antiquiora
382 2011 422 2044 et
437 2003 647 2045 sinceriora
660 2003 748 2045 sint.
794 2006 887 2045 Duo
901 2006 1080 2057 exempla
1093 2006 1213 2045 afl'ero
1227 2018 1330 2056 quae
1344 2004 1463 2045 instar

148 2075 262 2110 erunt
293 2067 484 2109 omnium.
553 2069 710 2108 LXXII
746 2070 770 2108 6
802 2069 912 2120 quod
943 2070 1064 2120 uulgo
1096 2068 1225 2110 editur
1250 2070 1383 2109 Multo
1409 2069 1468 2109 nes·

149 2138 276 2172 tamen
303 2145 341 2172 es
363 2133 480 2172 uilior
498 2138 537 2172 et
556 2133 687 2182 leuior,
711 2132 870 2173 codices
895 2131 953 2172 sic
974 2133 1229 2182 tradiderunt,
1253 2134 1386 2173 Multo
1406 2133 1464 2173 ita

149 2210 206 2236 me
233 2210 298 2236 nec
322 2198 441 2236 uilior
461 2202 500 2236 et
518 2197 650 2237 leuior.
707 2198 823 2237 Solus
845 2197 884 2237 C
897 2198 1028 2246 habet,
1049 2199 1168 2237 multo
1190 2195 1309 2236 ''me'‘
1325 2198 1383 2237 r'ta
1402 2208 1467 2235 nec

150 2262 270 2301 uilior
295 2267 334 2300 et
363 2262 494 2311 leuior,
528 2274 610 2313 quo
641 2260 881 2313 significatur
907 2263 1242 2314 transponendum
1270 2274 1357 2302 esse
1384 2274 1464 2302 me:

152 2325 335 2367 uidelicet
355 2333 443 2377 post
468 2326 524 2365 ita
550 2338 682 2366 rursus
703 2339 761 2365 me
785 2327 1042 2377 repetendum
1066 2333 1158 2375 erat,
1183 2326 1302 2365 multo
1325 2338 1383 2364 me
1408 2325 1465 2364 1⁶!ae

798 2404 822 2430 x
