1682 2690
248 100 489 140 CATVLLI

299 222 394 249 sana
421 218 545 251 esset:
582 225 688 251 nunc
715 214 824 263 quod
852 212 987 264 gannit
1014 221 1053 254 et
1081 215 1317 267 obloquitur,

247 286 326 312 non
356 273 483 313 solum
512 275 699 323 meminit,
731 277 812 324 sed,
842 290 943 328 quae
972 280 1097 317 multo
1122 278 1246 319 acrior
1272 287 1331 319 est
1358 293 1430 329 res,
1534 298 1555 331 ⁵

299 335 394 376 irata
421 344 503 377 est:
541 339 618 379 hoc
645 347 714 388 est,
746 340 866 380 uritur
893 348 932 380 et
961 341 1141 392 loquitur.

766 449 978 487 LXXXIV

244 526 495 566 CHOMMODA
522 527 688 575 dicebat,
720 528 751 567 si
780 530 940 579 quando
968 531 1178 569 commoda
1206 531 1323 570 uellet

296 590 436 638 dicere,
467 598 505 630 et
534 590 692 631 insidias
721 592 855 631 Arrius
884 592 1082 641 hinsidias,

242 661 280 692 et
309 661 391 692 turn
421 653 581 694 mirifice
610 656 789 705 sperabat
818 669 859 695 se
888 669 972 695 esse
994 658 1186 704 iocutum,

293 731 383 757 cum
413 725 602 768 quantum
631 726 782 769 poterat
809 719 956 759 dixerat
984 720 1183 760 hinsidias.

239 782 368 828 credo,
399 781 455 820 sic
483 789 615 829 mater,
645 782 700 821 sic
730 782 846 822 Liber
872 785 1090 823 auunculus
1118 784 1211 832 eius,
1527 803 1547 836 5

293 844 348 883 sic
378 852 573 885 maternus
601 860 697 885 auus
726 846 874 886 dixerat
900 855 1018 898 atque
1045 848 1143 888 auia.

239 909 315 947 hoc
345 908 464 948 misso
492 909 532 948 in
560 909 707 960 Syriam
737 910 955 962 requierant
984 911 1168 952 omnibus
1194 926 1330 954 aures:

291 973 480 1013 audibant
508 975 647 1013 eadem
676 975 772 1014 haec
800 974 937 1014 leniter
965 983 1003 1015 et
1032 975 1177 1024 leuiter,

237 1050 310 1076 nee
339 1036 412 1076 sibi
440 1037 595 1087 postilla
623 1038 849 1078 metuebant
877 1038 968 1078 talia
994 1040 1124 1087 uerba,

289 1114 379 1141 cum
408 1100 539 1141 subito
565 1102 721 1142 affertur
748 1102 907 1142 nuntius
935 1103 1137 1150 horribilis,
1507 1122 1547 1146 ιο

237 1164 371 1205 Ionios
400 1166 551 1213 fluctus,
581 1173 790 1216 postquam
818 1165 909 1206 illuc
937 1166 1071 1206 Arrius
1098 1166 1200 1215 isset,

289 1229 366 1268 iam
394 1242 475 1268 non
505 1229 640 1269 Ionios
669 1243 765 1277 esse,
795 1231 865 1270 sed
895 1230 1076 1270 Hionios.

275 1342 294 1370 4
318 1327 425 1363 sanna
449 1331 500 1363 O:
531 1331 637 1364 samia
661 1331 703 1364 al.
728 1342 810 1364 sana
832 1332 958 1364 RVen:
987 1333 1092 1365 samia
1118 1333 1263 1366 GACB:
1294 1334 1387 1366 salua
1407 1333 1545 1367 Palmer

232 1375 338 1416 quod]
363 1385 446 1406 num
469 1378 592 1415 quom?
715 1385 735 1415 5
758 1375 859 1418 quae]
884 1385 982 1416 quam
1008 1375 1056 1408 C:
1080 1386 1164 1407 num
1186 1387 1252 1417 qua
1268 1387 1310 1409 m.
1325 1387 1354 1409 a.
1367 1387 1396 1408 e.
1416 1387 1452 1409 re
1467 1378 1498 1409 Ιι.
1513 1389 1539 1410 e.

233 1428 314 1456 quae
334 1428 385 1449 res
400 1418 503 1449 multo
525 1418 681 1450 maiorem
696 1418 871 1450 stimulum
890 1419 920 1451 ei
933 1418 1106 1452 admouet?
1244 1421 1267 1451 6
1289 1420 1351 1452 hec
1369 1419 1503 1452 ORVm
1518 1430 1541 1453 a

231 1460 383 1501 coquitur
398 1460 625 1501 Dousafilnffus
643 1461 784 1501 Lipsius
798 1460 956 1493 Heinsius

275 1503 457 1535 LXXXIV
470 1514 545 1535 cum
558 1502 948 1536 LXXXIIIcontinuant
958 1507 996 1545 Ω,
1013 1504 1103 1536 nullo
1112 1505 1216 1547 spatio
1228 1504 1332 1537 retii-to
1396 1504 1535 1546 Quintil.

231 1545 311 1578 Inst.
344 1546 438 1578 Orat.
469 1546 495 1578 1.
522 1556 552 1586 5.
580 1556 622 1578 20
653 1547 687 1578 H
712 1547 843 1579 litterae
873 1547 957 1579 ratio
987 1528 1111 1580 inutata
1143 1558 1217 1580 cum
1249 1549 1456 1589 temporibus
1486 1554 1539 1580 δὲ

229 1589 374 1628 saepius.
425 1589 620 1621 Parcissime
644 1599 685 1621 ea
712 1594 845 1622 ueteres
870 1590 922 1621 usi
949 1590 1047 1622 etiam
1071 1590 1106 1622 in
1131 1591 1314 1629 uocaHbus,
1338 1601 1412 1623 cum
1436 1592 1540 1623 oedos

230 1632 385 1672 ircosque
402 1631 565 1671 dicebaut,
581 1632 638 1664 diu
656 1633 777 1664 deinde
799 1637 967 1665 seruatum
991 1643 1034 1665 ne
1057 1635 1317 1666 consonantibus
1337 1635 1535 1675 aspirarent.

229 1678 266 1706 ut
288 1674 322 1706 in
346 1675 485 1707 Graccis
507 1679 542 1707 et
564 1675 598 1706 in
622 1674 797 1715 triumpis:
831 1676 940 1716 erupit
963 1676 1055 1708 breui
1080 1681 1232 1717 tempore
1255 1677 1379 1709 nimius
1403 1687 1483 1709 usus
1501 1682 1538 1709 ut

229 1718 395 1749 choronae
420 1718 658 1750 chenturiones
682 1719 890 1758 praechones
911 1719 1022 1750 adhuc
1044 1719 1241 1759 quibusdam
1266 1719 1539 1760 inscriptionibus

230 1765 396 1800 maneant,
409 1771 475 1800 qua
490 1761 532 1792 de
549 1771 584 1792 re
601 1761 722 1793 Catulli
741 1761 853 1793 nobile
871 1762 1076 1802 epigramma
1099 1767 1151 1794 est
1290 1772 1304 1793 1
1330 1762 1539 1795 Chommoda

230 1803 318 1844 Calp.
346 1804 450 1843 1481:
480 1804 696 1846 Com(m)oda
711 1807 739 1835 Ω
892 1814 912 1835 2
934 1805 1044 1837 arrius
1069 1803 1101 1836 Ο
1125 1804 1227 1837 Laur.
1245 1813 1299 1845 33.
1329 1815 1368 1836 ιε
1389 1804 1540 1846 idemque

227 1845 316 1877 endo
330 1846 529 1896 sissnficasse
540 1847 680 1879 scn'bam
695 1846 781 1879 RB:
803 1847 912 1880 acrius
922 1853 948 1889 p
1049 1846 1187 1880 insidias
1206 1847 1249 1879 he
1266 1848 1347 1889 (hee
1365 1847 1411 1890 Ο)
1430 1847 1535 1887 GOR,

227 1888 286 1920 sed
302 1888 336 1920 R
357 1890 403 1921 ita
426 1893 464 1921 ut
488 1890 532 1921 he
553 1893 629 1931 post
652 1889 792 1922 deletum
815 1892 881 1923 snt·
908 1890 1072 1923 hinsidius
1089 1851 1280 1922 Politamus
1371 1901 1417 1923 an
1426 1890 1538 1933 potius

228 1931 418 1965 hinsidias.
460 1933 649 1965 .insidias³
750 1932 888 1975 Arrius]
901 1934 982 1974 sort.
1009 1933 1135 1974 Atrius,
1158 1933 1197 1973 ς]
1217 1933 1304 1966 Caes.
1324 1933 1365 1966 Β.
1394 1932 1434 1966 G.
1460 1943 1492 1966 v.
1515 1942 1538 1973 9

228 1984 259 2014 3,
273 1986 293 2014 4
298 1978 374 2015 post
391 1985 431 2006 ιο
439 1975 603 2016 habenta,
615 1975 679 2007 huc
689 1977 1042 2008 reuocam’tPolaianus
1121 1987 1140 2015 4
1157 1975 1296 2008 insidias
1314 1979 1342 2008 Ω
1427 1985 1449 2017 5
1463 1976 1538 2008 eius

223 2022 270 2058 p:
297 2018 370 2049 eius
393 2022 446 2050 est
460 2021 509 2049 n:
533 2018 566 2051 ei
589 2023 642 2051 est
665 2019 722 2050 Da
797 2019 878 2059 fort.
905 2019 1004 2051 Liber
1029 2019 1227 2059 (auunculus
1245 2020 1327 2061 εἰει)
1345 2019 1427 2051 saeui
1448 2017 1542 2060 apud

227 2059 443 2100 Lucretmm,·
465 2060 539 2093 uide
555 2061 705 2094 Canault
720 2061 773 2093 La
788 2061 918 2094 Hexnbn
934 2061 1019 2094 dans
1034 2061 1167 2093 Luc-nce
1177 2067 1211 2103 p.
1229 2062 1273 2103 63
1430 2062 1537 2102 7hoc

227 2103 328 2135 Dal·-
352 2104 405 2135 hic
422 2104 474 2135 uel
490 2104 553 2136 hec
571 2107 599 2135 Ω
702 2104 834 2144 Syriam
851 2104 1068 2137 Parthenius:
1096 2105 1198 2145 Syria
1214 2104 1319 2147 (Sitia
1335 2071 1524 2146 OBLa²)o

228 2146 294 2177 πίει
308 2145 421 2187 quod
407 2157 440 2178 m
460 2145 489 2178 G
502 2152 599 2188 super
612 2147 712 2187 Syria
726 2148 811 2179 lmea
825 2152 871 2180 est
884 2148 976 2180 solito
989 2148 1115 2180 tenuior
1245 2148 1268 2179 8
1288 2146 1472 2180 audiebant
1487 2149 1536 2179 Ω·

227 2198 305 2220 corr.
318 2189 375 2230 Dp
447 2189 582 2239 leniter]
598 2189 809 2222 leuiterBod.
823 2190 898 2223 Lat.
910 2189 1011 2223 Class.
1026 2201 1051 2222 e.
1068 2199 1105 2230 15
1139 2190 1220 2231 fort.
1238 2189 1362 2223 leuiter
1371 2194 1406 2223 et
1417 2189 1538 2222 letanter

227 2231 317 2271 quod
328 2236 403 2264 ante
417 2243 469 2264 me
482 2232 561 2265 coni.
580 2232 706 2264 Santen
809 2243 820 2263 ι
831 2242 843 2264 1
861 2233 966 2265 artius
982 2232 1257 2266 GRVmaLaur.
1274 2243 1327 2274 33.
1343 2242 1406 2264 12:
1428 2231 1537 2265 arcius

229 2274 280 2305 O:
304 2275 428 2306 arctius
452 2274 670 2307 BLa¹ACDh
685 2280 715 2307 et
739 2275 921 2308 Bod.1.at.
949 2275 1166 2317 Class.e.15
1302 2285 1341 2307 m
1363 2275 1538 2318 hioniosp

226 2316 431 2349 politianus:
458 2318 589 2350 ionios.
634 2317 771 2350 Aonios
786 2321 814 2350 Ω
