1650 2684
1040 121 1282 161 CARMEN
1314 121 1450 159 LXIV

119 231 303 283 carmine,
334 232 523 286 perfidiae
551 233 662 284 quod
691 238 782 284 post
810 232 919 271 nulla
945 237 1081 283 arguet
1109 237 1229 271 aetas.

120 301 158 340 Ο
185 301 308 340 decus
337 298 524 339 eximium
554 298 706 349 magnis
734 297 946 337 uirtutibus
973 310 1132 347 augens,

122 364 329 405 Emathiae
358 371 537 404 tutamen
566 363 663 415 opis,
694 362 910 402 clarissime
937 369 1043 410 nato,

118 429 265 481 accipe,
296 430 406 481 quod
434 430 537 468 laeta
564 427 637 467 tibi
665 428 848 479 pandunt
876 429 965 466 luce
994 439 1157 474 sorores,
1389 440 1450 474 325

120 494 338 534 ueridicum
367 495 566 534 oraclum:
605 494 676 531 sed
705 506 788 539 uos,
820 505 924 543 quae
952 493 1032 531 fata
1061 498 1260 540 secuntur,

119 559 260 598 currite
288 560 480 598 ducentes
509 556 771 608 subtegmina,
803 557 955 604 currite,
986 556 1071 595 fusi.

119 623 304 663 adueniet
333 622 404 661 tibi
432 622 511 661 iam
539 628 700 673 portans
729 628 866 672 optata
894 620 1041 659 maritis

122 690 335 739 Hesperus,
367 688 554 726 adueniet
583 687 712 725 fausto
742 699 833 725 cum
864 685 991 725 sidere
1020 685 1203 733 coniunx,

120 767 221 805 quae
249 753 320 792 tibi
350 751 561 792 flexanimo
589 751 733 791 mentis
762 752 972 803 perfundat
1001 765 1188 798 amorem,
1388 767 1450 800 330

119 819 449 871 languidulosque
476 826 587 870 paret
615 826 748 858 tecum
776 818 1017 869 coniungere
1046 831 1218 866 somnos,

119 884 221 924 leuia
249 885 503 924 substernens
532 884 696 923 robusto
725 883 886 923 brachia
913 884 1028 923 collo.

119 950 259 989 currite
287 951 479 989 ducentes
508 948 768 1000 subtegmina,
799 948 951 996 currite,
983 948 1069 988 fusi.

119 1016 227 1053 nulla
254 1015 397 1054 domus
425 1015 522 1054 tales
551 1027 741 1065 umquam
770 1013 944 1052 contexit
972 1026 1137 1061 amores,

120 1081 249 1118 nullus
277 1093 389 1118 amor
416 1079 483 1118 tali
511 1078 716 1119 coniunxit
744 1079 904 1118 foedere
931 1086 1121 1126 amantes,
1258 1079 1260 1082 ’
1387 1094 1448 1128 335

120 1143 245 1194 qualis
273 1145 386 1183 adest
414 1143 587 1191 Thetidi,
619 1143 746 1194 qualis
776 1144 990 1183 concordia
1019 1144 1149 1182 Peleo,

119 1207 260 1247 currite
288 1209 480 1247 ducentes
508 1207 768 1258 subtegmina,
800 1207 951 1254 currite,
983 1206 1071 1246 fusi.

119 1280 301 1312 nascetur
328 1272 444 1312 uobis
473 1285 610 1324 expers
638 1272 794 1312 terroris
822 1271 1010 1328 Achilles,

119 1337 299 1376 hostibus
328 1337 436 1376 haud
464 1343 583 1387 tergo,
615 1337 686 1375 sed
714 1335 804 1375 forti
833 1343 994 1387 pectore
1022 1343 1151 1385 notus,

119 1401 187 1453 qui
214 1415 402 1453 persaepe
431 1415 533 1452 uago
561 1401 688 1440 uictor
716 1401 930 1441 certamine
958 1415 1094 1441 cursus
1388 1418 1451 1450 340

119 1468 302 1506 flammea
329 1473 549 1518 praeuertet
577 1466 714 1506 celeris
742 1466 907 1517 uestigia
935 1480 1085 1506 ceruae.

119 1532 260 1572 currite
287 1533 478 1572 ducentes
507 1531 767 1582 subtegmina,
799 1531 951 1579 currite,
982 1531 1069 1571 fusi.

119 1611 199 1637 non
228 1596 283 1636 illi
312 1597 522 1648 quisquam
551 1597 657 1638 bello
686 1610 728 1636 se
756 1597 931 1635 conferet
960 1596 1086 1644 heros,

118 1698 1451 1784 Rssssssssaifitjtaz'fz‘zssfffftpisssst..Epfi‘zffiissssmfflifsszi‘fffissf:‘2'2125‘111‘3

118 1785 153 1816 R
160 1785 251 1817 WnA
257 1785 298 1826 C)
310 1786 451 1817 thetidis
461 1785 617 1826 (tethidis
626 1785 693 1825 Ba)
709 1790 743 1816 et
752 1784 841 1825 pelei
855 1784 974 1825 (pellei
986 1785 1021 1826 a)
1067 1785 1109 1816 In
1122 1785 1185 1816 GO
1193 1787 1338 1827 spatium
1351 1769 1446 1828 abest,

118 1828 178 1860 sed
190 1829 296 1859 rubr-125·
309 1829 421 1860 litteris
432 1829 635 1869 adscriptum
659 1831 706 1859 est
726 1828 761 1859 in
786 1838 892 1869 marg.
920 1828 949 1859 G
965 1828 1242 1868 Epythalamium
1259 1830 1398 1862 thetidis
1415 1835 1450 1862 et

119 1871 209 1912 pelei
337 1882 402 1912 324
425 1876 534 1903 tutum
563 1882 670 1912 marg.
697 1877 734 1903 tu
758 1876 872 1902 tamen
904 1870 1088 1902 GRBVen:
1121 1876 1230 1903 tutum
1260 1871 1381 1905 OLa1:
1413 1879 1449 1905 tu

119 1920 233 1946 tamen
263 1914 350 1947 Ach
481 1925 567 1955 opus
599 1914 771 1955 GORVen,
796 1914 855 1946 sed
878 1913 941 1945 GR
950 1914 1007 1946 Vin
1033 1916 1068 1946 in
1095 1925 1206 1956 marg.
1230 1916 1350 1947 habent
1376 1917 1450 1957 opis

119 1958 304 1990 clarissime
322 1959 424 2000 Dap:
450 1959 622 1991 carissime
649 1962 675 1989 Ω
787 1959 853 1997 326
876 1957 1024 1989 oraclum
1044 1958 1124 1998 Dap
1146 1962 1175 1990 et
1199 1957 1451 1991 Laurentianus

119 2011 172 2041 33.
200 2012 258 2034 12:
281 2002 454 2033 oraculum
477 2005 504 2033 Ω
646 2011 710 2042 327
736 2001 885 2033 Macrob.
913 2001 950 2034 S.
974 2003 1017 2033 vi.
1047 2012 1074 2034 1.
1101 2012 1141 2041 41
1167 2002 1341 2035 Catullus:
1365 2003 1450 2034 Cur-

121 2045 184 2075 rite
201 2045 337 2076 ducenti
354 2045 416 2076 sub
431 2045 582 2085 tegmine
598 2045 725 2077 currite
741 2045 806 2075 susi
883 2045 1100 2085 subtegmina
1113 2046 1149 2087 (a
1162 2055 1201 2076 ex
1211 2045 1247 2088 e)
1267 2045 1298 2076 Ο
1385 2056 1450 2087 330

119 2098 186 2119 om.
218 2087 267 2121 O:
292 2089 380 2119 flexo
407 2089 518 2120 animo
546 2089 669 2120 mentis
699 2098 732 2129 p.
759 2098 910 2120 amorem
941 2091 991 2121 n:
1016 2089 1236 2120 ssexanimum
1263 2091 1388 2121 mentis
1414 2100 1447 2130 p.

119 2141 270 2162 amorem
286 2131 345 2163 Al.
363 2130 531 2163 Guarinus
544 2143 552 2163 ε
574 2132 759 2163 flexanimo
774 2135 924 2163 mentem
936 2141 969 2172 p.
985 2142 1099 2164 amore
1116 2131 1289 2164 Muretus:
1313 2143 1400 2173 quae
1415 2138 1450 2165 te

120 2174 301 2205 flexanimo
317 2174 440 2206 mentis
455 2185 487 2215 p.
504 2185 619 2207 amore
635 2174 775 2207 Lachm.
919 2185 981 2215 331
1006 2185 1112 2207 sonos
1127 2178 1154 2206 Ω
1297 2186 1448 2217 334-337

118 2227 187 2249 om.
221 2215 401 2259 BLa¹Dap
421 2217 509 2250 Phil.
553 2218 620 2250 Eos
642 2218 781 2251 Lachm.
794 2218 843 2250 .ιή
871 2220 1076 2260 paginarum
1103 2218 1216 2250 ordine
1241 2229 1309 2251 non
1333 2230 1450 2252 nume-

119 2261 221 2299 rauit,
233 2259 355 2302 Haupt
367 2260 403 2292 in
420 2271 527 2302 marg.
547 2261 725 2303 ads-emptos
735 2261 879 2303 putauit,
898 2272 963 2293 esse
978 2265 1090 2294 tamen
1109 2262 1234 2294 Catulli
1384 2273 1448 2304 334

120 2313 279 2344 umquam
307 2303 393 2336 tales
416 2305 568 2336 contexit
591 2308 640 2336 n:
674 2316 752 2337 corr.
770 2305 854 2337 Ald.
871 2305 891 2336 1
903 2315 911 2336 ε
944 2306 1092 2337 conexit,
1106 2304 1246 2337 Lachm.
1383 2317 1450 2348 339

119 2346 241 2378 delebat
251 2347 394 2378 Landor
533 2358 595 2388 341
621 2353 795 2388 preuertet
807 2354 832 2389 p
849 2360 857 2380 :
882 2349 1049 2389 preuertit
1063 2348 1160 2380 GRA
1166 2348 1195 2380 C
1207 2349 1428 2383 Laumtiani
1442 2362 1449 2381 :

119 2394 295 2430 pet-uertet
312 2390 383 2432 (-tit
399 2390 510 2433 BVen)
529 2391 707 2423 OahBVen
