1682 2690
237 118 477 160 CATVLLI

235 227 370 278 accipe
398 228 567 265 fraterno
595 225 761 264 multum
790 222 989 263 manantia
1016 223 1121 270 fletu,

288 298 406 341 atque
434 289 473 328 in
502 295 747 340 perpetuum,
776 289 902 335 frater,
929 300 1004 329 aue
1029 294 1149 338 atque
1175 287 1273 329 uale-
1504 303 1544 328 ιο

819 396 899 435 CII

237 480 277 518 S1
307 477 518 528 quicquam
547 475 666 516 tacito
695 475 947 514 commissum
976 482 1034 514 est
1063 475 1144 514 fido
1170 475 1221 514 ab
1248 474 1388 523 amico,

289 541 400 581 cuius
427 540 476 580 sit
504 540 659 591 penitus
688 546 782 578 nota
808 540 906 578 fides
933 538 1064 586 animi,

237 617 378 655 meque
406 617 491 644 esse
519 603 696 643 inuenies
724 602 878 641 illorum
907 601 989 642 iure
1017 610 1220 649 sacratum,

290 668 460 716 Corneli,
490 675 529 707 et
557 668 702 707 sactum
732 679 796 709 me
824 679 909 706 esse
937 673 1031 717 puta
1061 667 1355 717 Harpocratem.

811 776 914 815 CIII

236 862 327 899 AVT
354 859 470 898 sodes
499 857 593 897 mihi
623 858 744 897 redde
772 857 910 896 decem
939 855 1123 903 sestertia,
1155 855 1246 903 Silo,

289 923 435 962 deinde
462 930 547 961 esto
575 920 755 972 quamuis
783 933 923 960 saeuus
951 927 990 959 et
1018 919 1255 959 indomitus:

235 994 313 1035 aut,
343 986 375 1025 si
403 993 442 1025 te
470 985 580 1024 numi
607 986 815 1033 delectant,
845 984 982 1024 desine
1009 997 1157 1035 quaeso

288 1052 379 1090 leno
406 1063 491 1090 esse
518 1056 636 1100 atque
664 1049 769 1088 idern
798 1061 938 1088 saeuus
965 1055 1004 1087 et
1032 1047 1256 1087 indomitus.

819 1156 915 1202 CIV

236 1240 396 1279 CREms
423 1251 487 1278 me
515 1237 689 1289 potuisse
718 1250 829 1277 meae
857 1235 1089 1277 maledicere
1116 1235 1232 1286 uitae,

287 1303 482 1343 ambobus
511 1301 607 1341 mihi
635 1314 737 1352 quae
764 1300 888 1341 carior
915 1308 974 1340 est
1002 1300 1156 1340 oculis?

235 1380 316 1407 non
343 1366 466 1419 potui,
495 1379 581 1414 nec,
611 1366 643 1405 si
672 1378 840 1417 possem,
870 1373 951 1405 tam
979 1364 1129 1416 perdite
1155 1377 1351 1405 amaremt

289 1432 359 1471 sed
386 1437 428 1471 tu
457 1443 548 1471 cum
575 1431 769 1482 Tappone
796 1428 930 1469 omnia
957 1435 1130 1468 monstra
1156 1428 1261 1468 facis.

819 1538 892 1578 CV

237 1622 449 1660 MENTVLA
476 1626 640 1659 conatur
668 1618 860 1670 Pipleium
889 1619 1076 1658 scandere
1104 1624 1303 1657 montem:

286 1689 428 1728 Musae
466 1686 624 1726 furcillis
662 1683 914 1735 praecipitem
943 1682 1099 1722 eiciunt.

279 1786 340 1817 cn
364 1796 441 1817 cum
459 1785 505 1817 CI
519 1786 711 1817 continuant
725 1787 751 1816 Ω
767 1796 774 1816 :
798 1784 945 1825 span‘um
966 1784 999 1815 in
1015 1783 1060 1823 D,
1078 1792 1143 1814 mm
1164 1783 1238 1814 item
1257 1783 1291 1814 in
1310 1782 1351 1821 O,
1366 1783 1424 1814 uba·
1437 1787 1547 1815 tamen

233 1829 344 1870 prima
370 1828 471 1860 littera
493 1827 643 1860 uocabula·
662 1827 700 1859 Si
723 1829 845 1859 omissa
874 1831 921 1858 est
1051 1835 1064 1856 1
1093 1825 1105 1856 1
1134 1825 1167 1857 0
1251 1825 1342 1857 taciti
1369 1825 1545 1859 Heinsius:

236 1872 339 1903 tacite
358 1871 480 1903 Munm
566 1870 608 1902 ab
622 1869 850 1910 antiquorGQ
870 1880 935 1901 non
952 1868 984 1900 R
1144 1877 1165 1908 3
1187 1866 1269 1899 Post
1283 1867 1414 1900 illorum
1429 1867 1545 1901 distin-

233 1914 355 1956 guebat
369 1914 494 1946 Munro
604 1924 624 1952 4
646 1918 853 1953 arpocratem
871 1916 898 1943 Ω

278 1956 361 1989 clu
384 1967 460 1989 cum
477 1956 543 1988 CII
554 1957 746 1988 continuant
759 1959 797 1995 Ω,
815 1955 905 1986 nullo
918 1955 1021 1996 spatii>
1035 1953 1136 1986 ula-to
1241 1963 1253 1984 1
1278 1958 1364 1985 sext.
1382 1956 1409 1985 Ω
1525 1963 1547 1984 2

236 2004 288 2074 es¹t
303 2011 325 2050 q
339 2002 388 2073 g:
411 2004 463 2031 est
480 1998 532 2030 0:
555 2009 593 2030 es
608 2009 628 2030 o
644 1998 679 2030 D
765 2008 785 2038 3
809 1998 900 2030 numi
916 1997 957 2029 al.
974 1997 1063 2028 mimi
1079 1996 1113 2028 Β
1128 2007 1136 2028 z
1159 1996 1249 2028 mimi
1265 1996 1307 2029 ΔΙ.
1325 1996 1415 2029 numi
1433 1995 1545 2029 RVen:

236 2052 268 2074 m
282 2052 326 2074 mi

278 2085 355 2117 CIV
377 2095 453 2117 cum
470 2084 553 2116 CIII
564 2084 757 2116 continuant
771 2086 808 2122 Ω,
826 2083 919 2115 mdlo
937 2082 1042 2124 spano
1057 2082 1161 2114 reliceo
1297 2091 1311 2112 1
1337 2081 1442 2124 uitae]
1458 2080 1547 2113 Victi

237 2128 289 2161 uel
301 2127 393 2159 vetti
406 2127 535 2160 Starkie
672 2137 694 2167 3
711 2126 795 2168 non]
817 2136 880 2158 nec
898 2125 1045 2166 Dom'ng
1122 2125 1151 2156 si
1171 2135 1238 2157 om.
1255 2123 1288 2155 Ο
1366 2124 1499 2165 perdita
1517 2123 1548 2154 Ο

236 2181 348 2202 amare
363 2173 412 2202 n:
434 2180 513 2203 ωνν.
532 2169 588 2201 Da
716 2181 737 2210 4
760 2178 912 2210 caupone
927 2166 1022 2199 Boon.
1038 2166 1113 2200 Lat.
1132 2166 1235 2201 class.
1251 2177 1278 2200 e.
1297 2176 1335 2207 15
1421 2171 1548 2198 mostra

240 2213 314 2252 Vm,
344 2213 380 2244 D
403 2212 555 2244 nondum
580 2216 734 2245 cometus
819 2212 881 2243 sed
905 2215 974 2252 tua,
999 2210 1141 2250 Coponi,
1167 2210 1303 2243 crimina
1330 2214 1444 2244 nostra
1465 2209 1549 2242 racis

241 2255 358 2287 W'lkes
370 2260 497 2289 secutus
514 2255 667 2287 Vossium

279 2298 338 2330 CV
359 2309 434 2330 cum
451 2297 532 2330 CIV
541 2298 733 2330 continuant
746 2300 784 2338 Ω,
800 2296 891 2328 nullo
905 2296 1010 2338 spatio
1024 2295 1128 2327 νείἰιτο
1272 2305 1287 2326 1
1312 2294 1474 2336 pipleium
1486 2292 1551 2327 RC

236 2341 474 2374 Laurentt'ani:
506 2340 679 2382 pipileium
698 2339 760 2372 Go
844 2339 1008 2371 scandere
1024 2337 1101 2370 Da:
1123 2337 1278 2370 scindere
1294 2339 1321 2369 Ω
1436 2346 1457 2367 n
1479 2335 1546 2367 fur-

236 2383 311 2415 cilis
329 2382 490 2416 0031.ae
