1682 2690
1152 138 1396 178 CARMEN
1426 138 1524 178 CXI

754 246 851 287 CXI

191 313 425 360 Avi-ama,
453 311 539 351 uiro
567 318 797 351 contentam
826 310 960 351 uiuere
988 312 1086 360 solo,

246 384 457 428 nuptarum
486 377 571 416 laus
600 390 648 416 ex
675 376 860 416 laudibus
889 375 1065 416 eximiis:

192 442 264 482 sed
292 441 418 481 cuiuis
448 441 631 493 quamuis
659 441 791 492 potius
820 441 1080 482 succumbere
1110 455 1179 494 par
1207 449 1277 491 est,

245 519 365 558 quam
394 514 559 546 matrem
589 507 723 546 fratres
753 520 800 546 ex
828 514 969 558 patruo
998 536 1007 546 .
1039 537 1048 546 .
1080 537 1088 546 .

769 595 892 635 CXII

192 660 367 698 MVLTvs
395 659 518 699 homo
546 672 599 707 es,
631 660 752 708 Naso,
783 672 914 710 neque
943 666 1075 699 tecum
1105 660 1252 700 multus
1281 659 1404 700 homo
1432 660 1500 712 qui

244 723 475 764 descendit:
514 725 635 772 Naso,
667 725 813 764 multus
842 737 885 764 es
914 731 953 764 et
981 723 1174 775 pathicus.

755 813 901 853 CXIII

189 878 387 918 Consm:
417 877 608 929 Pompeio
637 876 807 929 primum
836 878 930 925 duo,
961 877 1102 925 Cinna,
1134 877 1317 918 solebant

244 942 494 983 Maeciliam:
532 944 637 982 facto
665 943 828 982 consule
857 956 963 982 nunc
992 942 1133 982 iterum

189 1014 418 1048 manserunt
446 1008 541 1056 duo,
570 1008 641 1047 sed
670 1014 879 1047 creuerunt
908 1007 1016 1046 milia
1044 1007 1085 1047 in
1114 1021 1239 1047 unum

242 1072 404 1124 singula.
463 1073 680 1112 fecundum
710 1085 846 1111 semen
874 1071 1079 1112 adulterio.

751 1161 889 1200 CXIV

189 1227 412 1265 menvs
440 1226 542 1264 saltu
571 1237 652 1264 non
681 1225 780 1264 falso
811 1226 993 1264 Mentula
1022 1224 1135 1266 diues

231 1321 310 1354 CXI
336 1333 411 1354 cum
427 1321 490 1354 CX
502 1322 697 1353 continuant
711 1324 748 1362 Ω,
769 1322 862 1353 nullo
877 1322 982 1364 spatio
1001 1321 1105 1355 relicto
1123 1334 1130 1354 :
1153 1323 1299 1364 spatium
1317 1323 1351 1355 in
1367 1323 1413 1363 D,
1431 1324 1522 1364 quod

185 1377 264 1399 corr.
279 1365 538 1408 Dsicsuppleuit
546 1375 594 1397 AD
606 1375 810 1396 AVFILENAM
920 1376 934 1396 1
953 1365 1156 1398 Auffilenam
1169 1365 1263 1398 GVen
1277 1366 1518 1400 Laurentr'ani:

186 1410 256 1441 Aut
287 1409 435 1441 fillenam
470 1408 501 1440 Ο
597 1413 777 1441 contentas
792 1408 892 1449 scal„
908 1408 1049 1441 Lachm.
1182 1420 1202 1441 2
1225 1409 1271 1441 sic
1283 1410 1517 1443 Passeratius:

186 1453 261 1485 laus
279 1458 333 1485 est
349 1453 502 1485 iaudibus
518 1452 651 1484 eximiis
667 1452 756 1485 codd.
773 1463 781 1483 ε
815 1453 890 1484 laus
909 1457 962 1484 est
982 1452 1135 1484 laudibus
1156 1463 1201 1484 ex
1222 1454 1334 1485 nimiis
1349 1453 1518 1486 Baehrens

185 1507 206 1536 3
230 1507 291 1537 par
306 1497 384 1538 Dap
399 1508 407 1528 :
429 1506 508 1537 pars
524 1499 551 1526 Ω
683 1507 703 1536 4
726 1506 848 1536 parere
867 1495 944 1527 add.
959 1495 1106 1538 Doen'ng
1119 1499 1148 1528 et
1161 1496 1314 1528 Schmidt
1329 1498 1381 1539 (esi
1401 1498 1514 1530 Carm-

184 1539 297 1582 Epigr.
318 1542 393 1581 980.
411 1542 460 1580 6).
506 1539 588 1571 Post
600 1539 723 1571 fratres
736 1539 819 1571 Bod.
838 1539 914 1571 Lat.
932 1539 1034 1571 Class.
1047 1550 1071 1571 e.
1088 1549 1127 1580 15
1143 1543 1173 1571 et
1186 1539 1232 1572 ed.
1249 1539 1306 1572 Pr.
1325 1541 1521 1583 supplerunt

185 1585 331 1624 efficere,
348 1583 455 1624 Heyse
469 1583 657 1624 suscipere,
674 1582 840 1615 Rossbach
856 1584 1036 1623 concipere

229 1626 327 1659 CXII
351 1638 428 1660 cum
446 1626 529 1659 CXI
541 1627 736 1658 continuant
744 1629 782 1666 Ω,
802 1626 893 1658 nullo
907 1627 1013 1668 spatio
1029 1626 1129 1659 relicto
1285 1637 1300 1659 1
1326 1637 1364 1660 es
1377 1627 1458 1662 Ald.
1474 1628 1516 1660 I:

185 1676 238 1703 est
252 1670 340 1704 codd.
433 1681 544 1711 neque
560 1673 587 1702 Ω
601 1681 608 1701 :
638 1681 701 1702 nec
717 1669 753 1701 D
769 1681 776 1702 ε
792 1680 869 1701 nam
888 1675 914 1711 p
928 1669 1017 1702 scal.
1123 1671 1226 1703 homo
1248 1670 1304 1712 qui
1327 1672 1447 1713 scnPsi,
1474 1672 1512 1712 cfi

186 1714 348 1746 LXXXI.
365 1725 385 1746 2
400 1725 408 1746 z
431 1715 598 1755 homoque
615 1713 786 1745 RtsinAC
797 1712 1034 1744 Laurentiam':
1060 1713 1160 1745 homo
1179 1713 1263 1746 GO:
1286 1715 1388 1747 homo
1403 1716 1464 1747 sed
1481 1715 1517 1747 D

183 1757 268 1789 Bod.
287 1757 365 1790 Lat.
385 1758 488 1790 Class.
507 1768 531 1789 e.
554 1766 614 1797 15:
644 1758 746 1789 homo
774 1762 827 1788 est
848 1758 908 1797 qui
931 1756 1041 1790 Scal.:
1075 1758 1213 1789 homost
1235 1758 1316 1798 quin
1338 1757 1515 1792 Schwabe:

184 1805 238 1833 est
260 1811 335 1834 cum
356 1801 496 1833 Palmer
551 1801 631 1840 sort.
649 1802 783 1832 homost
800 1800 852 1832 eui
865 1801 1054 1832 Descendis
1141 1811 1162 1831 2
1186 1801 1364 1834 descendit
1382 1805 1433 1834 n:
1457 1803 1514 1834 de-

184 1845 327 1877 scendat
350 1855 395 1877 a:
434 1849 467 1876 te
493 1845 618 1876 scindit
643 1844 790 1886 Haupt:
828 1845 1008 1876 descendis
1031 1843 1231 1876 Panhem'us
1328 1844 1382 1887 es]
1406 1850 1459 1878 est
1486 1845 1519 1878 G>

183 1887 310 1920 Munro
331 1887 482 1920 scribebat
504 1887 619 1919 Mutus
644 1888 744 1919 homo
767 1898 816 1929 es,
844 1888 946 1926 Naso,
971 1898 1083 1928 neque
1108 1892 1220 1920 tecum
1243 1893 1357 1921 mutus
1380 1889 1515 1922 homost

182 1931 241 1972 qui
257 1932 448 1971 descendit;
472 1931 573 1972 Naso,
588 1936 701 1963 mutus
711 1941 749 1963 es
764 1936 801 1963 et
814 1931 982 1973 pathicus,
995 1931 1035 1964 E.
1046 1931 1088 1964 B.
1100 1931 1199 1964 Birks
1214 1931 1335 1971 mulus,
1347 1931 1515 1965 Baehrens

183 1975 340 2015 mundus,
357 1985 415 2017 ego
430 1974 542 2006 nullus
1264 1981 1267 1983 “

227 2017 342 2050 CXIII
367 2028 442 2068 cta-m
465 2017 565 2050 CXII
579 2018 775 2068 fontinuant
789 2020 828 2059 Ω,
847 2018 939 2050 nullo
960 2019 1066 2060 spatio
1087 2018 1190 2051 relicto
1207 2030 1214 2050 :
1240 2020 1389 2060 spatium
1412 2019 1445 2050 in
1466 2018 1512 2059 D,

183 2114 205 2150 ᾳ
230 2071 407 2136 Mssissn?
407 2061 632 2137 ἓῗφιῖἰῖἔῖἷῑὲ
635 2072 664 2136 ¹1³2
673 2072 882 2138 ῗῘἨιΞίιω
897 2062 1514 2146 pzefftssssssassshwab¹5⁰¹⁶b3¹¹12ffi22²3

183 2147 218 2179 in
234 2146 338 2179 imum
355 2147 676 2189 Carpentoradensis,
691 2148 836 2188 fortasse
859 2152 942 2189 recte,
962 2153 999 2180 ut
1011 2150 1055 2180 sit
1075 2149 1161 2181 idem
1176 2149 1269 2190 quod
1279 2150 1321 2181 ad
1338 2148 1511 2182 miniinum

183 2201 205 2230 4
226 2190 361 2231 singula
375 2190 422 2223 ed.
438 2191 672 2231 antiqutssima
687 2202 766 2224 saec.
784 2203 839 2233 xv,
860 2193 982 2234 uukgo:
1005 2193 1176 2234 singulum
1192 2195 1220 2224 Ω

194 2270 198 2273 Δ
226 2233 340 2266 CXIV
361 2245 438 2265 cum
455 2233 575 2266 CXIII
586 2236 777 2267 continuant
794 2237 832 2275 n,
848 2236 941 2268 nullo
955 2237 1060 2277 spatio
1077 2237 1200 2268 relicto:
1226 2236 1373 2278 spatium
1390 2236 1425 2268 t’n'
1440 2235 1508 2278 Da,

182 2277 273 2318 qicod
284 2287 362 2309 corr.
380 2276 469 2309 Dsic
479 2277 640 2319 suppleuit
655 2288 701 2310 m:
716 2288 819 2311 sinuo
964 2290 979 2310 1
1004 2280 1203 2311 Formianus
1218 2280 1306 2312 Scal.
1322 2292 1328 2311 :
1353 2280 1510 2313 Firmano

182 2319 310 2352 Munro
326 2322 329 2324 '
405 2321 491 2353 saltu
505 2320 688 2362 Palladias,
709 2321 848 2354 Lachm.
867 2334 875 2353 ε
898 2322 1002 2354 saluis
1020 2322 1126 2354 Golaa
1141 2322 1382 2355 Laurentiani:
1405 2323 1511 2356 salius

184 2363 331 2395 CABD:
347 2363 452 2396 salius
462 2374 508 2395 an
520 2363 626 2397 saluis
636 2365 678 2396 sit
688 2365 723 2396 in
733 2364 767 2396 R
780 2375 846 2397 non
856 2365 996 2406 dispexi:
1013 2366 1119 2398 saltus
1130 2366 1164 2397 A
1169 2367 1314 2408 uantius,
1322 2377 1386 2408 quo
1394 2367 1511 2409 scripto

183 2406 335 2440 Mentula
349 2407 520 2439 uomtiuus
534 2407 595 2439 erit
673 2408 827 2440 mensula
842 2411 888 2440 n=
911 2419 991 2441 corr.
1005 2409 1049 2451 hp

1379 2463 1423 2499 8*
