1592 2664
1094 121 1337 163 CARMEN
1365 120 1465 159 XVI

195 238 263 291 qui
291 239 412 279 duros
440 244 643 289 nequeunt
672 249 833 276 mouere
861 235 1029 274 lumbos.

194 318 278 352 uos,
308 305 418 355 quod
446 303 554 342 milia
582 303 706 342 multa
730 301 929 341 basiorum

194 369 352 421 legistis,
383 371 485 408 male
514 382 578 408 me
607 381 755 407 marem
783 365 958 418 putatis?

194 434 390 486 pedicabo
417 447 492 485 ego
520 446 592 473 uos
621 439 662 472 et
688 432 897 471 irrumabo.

606 586 730 625 XVII

197 687 234 727 O
264 686 469 733 COLON1A‚
500 697 604 736 quae
631 683 743 734 cupis
772 690 895 735 ponte
922 682 1060 722 ludere
1087 682 1219 731 longo,

195 759 235 790 et
263 750 376 790 salire
403 757 582 801 paratum
612 748 746 796 habes,
779 748 850 786 sed
878 746 1023 786 uereris
1051 745 1187 796 inepta

195 829 306 855 crura
334 814 526 866 ponticuli
553 813 720 854 acsuleis
749 812 888 852 stantis
916 812 957 850 in
985 810 1184 858 rediuiuis,

196 894 247 920 ne
274 879 439 931 supinus
468 887 531 919 eat
559 891 738 929 cauaque
766 878 808 916 in
836 878 982 929 palude
1010 876 1215 915 recumbat
1228 889 1241 925 ;

196 946 252 984 sic
280 944 352 984 tibi
382 945 512 984 bonus
540 957 588 983 ex
616 951 683 982 tua
711 956 813 994 pons
842 941 1007 981 libidine
1034 941 1113 989 fiat,
1451 957 1468 989 5

194 1009 237 1048 in
265 1023 346 1060 quo
374 1010 438 1048 uel
467 1007 695 1048 Salisubsali
724 1020 834 1046 sacra
861 1005 1148 1057 suscipiantur:

194 1087 340 1113 munus
367 1075 446 1113 hoc
474 1072 571 1111 mihi
600 1071 761 1111 maximi
789 1072 852 1118 da,
884 1069 1067 1119 Colonia,
1094 1069 1204 1110 risus.

195 1139 396 1190 quendam
425 1137 667 1188 municipem
695 1150 829 1176 meum
858 1136 910 1175 de
937 1142 1008 1174 tuo
1034 1136 1130 1174 uolo
1156 1141 1280 1186 ponte

196 1202 252 1242 ire
278 1201 533 1253 praecipitem
562 1201 604 1240 in
631 1203 760 1240 lutum
787 1214 859 1252 per
885 1207 1084 1251 caputque
1112 1200 1328 1251 pedesque,

196 1281 335 1307 uerum
363 1266 483 1307 totius
510 1274 555 1306 ut
582 1268 690 1306 lacus
718 1265 961 1318 putidaeque
988 1264 1144 1316 paludis
1431 1281 1471 1304 10

196 1331 428 1371 liuidissima
456 1331 706 1382 maximeque
734 1338 795 1372 est
823 1330 1020 1380 profunda
1047 1342 1205 1380 uorago.

197 1395 478 1436 insulsissimus
506 1403 566 1435 est
594 1397 727 1442 homo,
759 1408 834 1434 nec
863 1394 965 1445 sapit
993 1393 1104 1445 pueri
1131 1393 1255 1434 instar

195 1459 334 1500 bimuli
362 1462 529 1499 tremula
556 1459 677 1511 patris
705 1458 938 1499 dormientis
966 1458 1006 1497 in
1035 1459 1142 1497 ulna.

196 1524 292 1575 quoi
319 1537 412 1563 cum
440 1524 491 1564 sit
517 1523 757 1564 uiridissimo
785 1530 910 1574 nupta
936 1523 1033 1562 flore
1060 1523 1192 1574 puella

195 1594 235 1627 et
262 1589 394 1639 puella
420 1589 609 1628 tenellulo
637 1587 842 1628 delicatior
869 1588 1011 1635 haedo,
1431 1604 1469 1636 15

194 1654 434 1693 assemanda
460 1653 678 1705 nigerrimis
707 1653 934 1704 diligentius
961 1652 1062 1700 uuis,

195 1718 331 1758 ludere
359 1719 463 1758 hanc
491 1717 584 1758 sinit
612 1725 656 1758 ut
683 1719 806 1766 lubet,
836 1730 911 1756 nee
939 1716 1010 1768 pili
1037 1716 1130 1756 facit
1158 1716 1238 1766 uni,

194 1795 269 1821 nec
297 1795 340 1822 se
367 1783 549 1822 subleuat
577 1796 625 1822 ex
653 1796 724 1822 sua
751 1789 872 1834 parte,
904 1783 975 1822 sed
1003 1783 1113 1821 uelut
1140 1783 1255 1821 alnus

187 1893 226 1915 12
257 1894 321 1915 uos
343 1884 433 1926 quod
458 1885 561 1916 Laur.
587 1894 639 1924 33.
668 1894 727 1917 12:
759 1894 822 1916 uos
841 1885 897 1924 qui
921 1883 1007 1915 AC:
1039 1894 1168 1924 uosque
1196 1883 1344 1926 (hosque
1370 1884 1418 1926 Ο)
1442 1888 1469 1916 Ω

145 1936 183 1966 14
206 1927 369 1958 dedicabo
386 1930 412 1958 Ω

183 1969 284 2001 XVII
306 1970 348 2001 In
374 1970 436 2002 GO
462 1981 518 2002 nec
542 1970 658 2002 titulus
685 1975 731 2002 est
754 1981 810 2002 nec
829 1971 975 2012 spatium
999 1971 1104 2002 tituli.-
1130 1971 1221 2002 ceteri
1240 1975 1300 2002 aut
1321 1971 1468 2012 spatium

141 2011 260 2044 habent
275 2017 335 2044 aut
350 2013 484 2044 titulum
672 2025 686 2045 x
711 2025 732 2045 o
757 2014 889 2046 culonia
912 2025 999 2055 quae
1022 2013 1108 2045 AC:
1133 2024 1154 2044 o
1175 2013 1251 2045 culo
1273 2014 1307 2045 in
1330 2024 1417 2054 aque
1442 2017 1468 2045 Ω

142 2054 261 2086 ludere
283 2056 328 2086 h:
350 2056 484 2087 laedere
508 2059 535 2087 Ω
724 2067 745 2097 3
767 2058 913 2089 acsuleis
934 2057 1067 2099 scripsi:
1089 2067 1129 2088 ac
1153 2057 1256 2088 sulcis
1273 2060 1323 2090 n:
1346 2057 1469 2089 assulis

141 2097 290 2130 Statius:
311 2100 442 2131 axuleis
453 2099 627 2133 Schwabe:
648 2101 814 2132 aesculeis
826 2100 982 2132 Palmer:
1003 2111 1088 2132 num
1104 2101 1291 2133 hastuleis?
1346 2101 1470 2132 stantis

141 2140 292 2173 Statius:
323 2143 426 2174 tantis
442 2145 469 2173 Ω
600 2143 622 2173 6
643 2144 833 2175 salisubsali
857 2144 987 2185 Bergk:
1017 2144 1078 2175 sali
1102 2144 1229 2175 subsali
1255 2142 1380 2176 VenD:
1406 2143 1469 2176 sali

142 2185 275 2226 subs(sc
291 2185 359 2217 RB
379 2196 488 2227 marg.
512 2185 636 2227 Ven)ili
660 2186 1090 2219 GORACBLaurentiani:
1119 2187 1320 2219 salisubsilis
1340 2186 1470 2219 Statius

141 2228 328 2268 suscipiant
345 2232 393 2260 n:
415 2239 475 2260 sus
493 2229 657 2270 recipiant
671 2230 708 2261 11²
787 2259 792 2264 .
882 2231 903 2261 8
925 2231 1070 2270 quedam
1090 2230 1157 2262 ΟΙι2
1246 2231 1288 2262 de
1309 2236 1369 2263 tuo
1391 2230 1469 2262 uolo

143 2275 246 2311 ponte
271 2282 336 2303 om.
364 2270 462 2302 BLa¹
653 2282 693 2305 10
714 2274 906 2314 pudiceque
937 2275 1078 2314 paludes
1104 2277 1151 2306 n:
1189 2275 1382 2315 puniceque
1409 2274 1466 2305 A:

142 2324 189 2354 pu
204 2314 323 2354 ieeque
341 2315 415 2357 (sic)
429 2327 437 2347 :
467 2316 636 2356 puiceque
653 2315 682 2347 C
693 2317 763 2348 sine
776 2318 910 2358 uesugzb
925 2328 1062 2349 rasurae
1234 2327 1272 2358 14
1295 2318 1376 2358 quoi
1391 2328 1467 2349 cum

142 2356 309 2399 Scaliger:
332 2359 386 2390 cui
403 2359 514 2390 iocum
531 2361 558 2390 Ω
684 2370 722 2400 15
746 2365 781 2391 et
796 2360 920 2392 ACfflz
945 2365 982 2392 ut
998 2364 1024 2392 Ω
1147 2361 1192 2392 16
1209 2361 1419 2393 adseruanda
1438 2360 1469 2392 Ο

146 2401 186 2431 18
209 2411 272 2433 nec
287 2411 326 2433 se
340 2401 391 2434 ed.
410 2411 515 2443 1473:
536 2412 598 2434 nec
614 2406 707 2434 men
