1592 2664
544 527 1022 585 PRAEFATm
1069 600 1072 602 ,

164 667 365 709 Cis-svm
385 661 616 716 carminum,
643 674 795 719 praeter
820 681 945 707 unum
973 656 1093 706 Exn
1121 665 1231 718 quod
1255 665 1455 718 Epithala-

125 733 235 773 mion
255 732 478 774 inscribitur
504 733 723 785 incipitque
753 734 890 784 Vesper
912 734 1028 780 adest,
1054 732 1209 783 iuuenes
1232 733 1452 783 consurgite,

136 801 271 850 Vesper
290 800 461 851 Olympo,
479 805 678 840 seruatum
694 805 754 839 est
766 806 899 838 autern
920 798 959 837 in
978 798 1220 848 Anthologia
1234 788 1455 837 carminum

127 863 357 903 Latinorum
385 865 579 904 Thuanea
604 863 723 916 (Bibl.
755 863 877 903 Paris.
910 865 1026 913 8071,
1058 876 1160 902 saec.
1192 862 1258 914 ix),
1289 864 1455 914 perierat

125 929 226 969 inter
253 922 442 970 iitteratos
471 929 612 969 notitia
639 931 770 970 donec
797 928 961 969 ineunte
990 929 1153 968 demum
1180 941 1282 968 saec,
1312 928 1375 968 xiv
1401 930 1455 968 in-

126 1001 268 1034 uentus
288 1001 346 1035 est
360 1008 384 1035 a
401 996 668 1046 Compatriota
681 993 692 1014 ¹
709 995 885 1046 quodam
901 995 940 1034 h.
954 1007 990 1034 e.
1007 995 1242 1042 Veronensi,
1260 995 1454 1033 incertum

126 1069 207 1110 quo
225 1073 342 1109 anno,
364 1073 443 1113 qua
462 1062 621 1113 regione
642 1068 843 1109 terrarum,
865 1060 993 1100 codex
1008 1059 1077 1111 qui
1092 1061 1181 1100 fons
1197 1059 1355 1100 uidetur
1370 1073 1456 1099 esse

126 1137 262 1165 eorum
283 1125 356 1177 qui·
370 1140 477 1166 nunc
497 1133 631 1167 extant
650 1126 842 1166 omnium.
892 1127 954 1166 Ex
974 1126 1052 1166 hoc
1066 1126 1208 1165 codice
1228 1139 1311 1164 non
1330 1126 1457 1164 multo

126 1198 215 1242 post
235 1192 407 1232 creditur
431 1205 568 1233 uersus
593 1192 746 1244 aliquot
770 1189 951 1232 intulisse
976 1191 1018 1231 in
1042 1192 1315 1243 Compendium
1340 1204 1456 1230 suum

127 1259 332 1297 moralium
351 1259 578 1298 notabilium
599 1256 825 1298 Hieremias
842 1258 969 1298 Iudex
989 1258 1040 1298 de
1062 1259 1339 1308 Montagnone
1359 1257 1457 1296 ciuis

128 1323 341 1363 Patauinus
354 1337 367 1374 3
386 1337 434 1364 ex
448 1325 525 1364 hoc
539 1324 572 1364 is
587 1325 654 1376 qui
671 1323 773 1363 inter
786 1324 918 1363 Mores
930 1323 1153 1363 Moralium
1167 1324 1207 1362 A
1210 1323 1457 1363 uctoritatum

127 1389 263 1440 (quem
300 1389 478 1431 libellum
514 1390 720 1430 Detlefsen
758 1387 926 1439 inuenit,
960 1386 1127 1440 scriptus
1162 1395 1222 1429 est
1253 1396 1387 1430 autem
1421 1401 1455 1429 a.

81 1478 84 1482 -
131 1467 231 1505 1329
250 1455 451 1507 Veronae)
474 1456 573 1495 haec
600 1454 720 1495 habet
744 1454 890 1495 Catulli
911 1456 976 1494 De
999 1468 1138 1494 errore.
1201 1454 1385 1494 Catullus
1408 1457 1463 1494 ad

137 1521 292 1560 Varum.
355 1521 475 1571 Quem
509 1533 584 1559 non
617 1521 658 1559 in
692 1520 826 1571 aliqua
861 1533 901 1559 re
933 1518 1082 1571 (uidere
1119 1518 1219 1572 om.)
1257 1519 1458 1571 Suffenum

116 1586 245 1637 possis
269 1592 363 1626 suus
389 1587 519 1637 cuique
550 1585 763 1625 attributus
791 1590 846 1625 est
877 1599 996 1624 error.
1069 1586 1148 1626 Sed
1177 1599 1253 1624 non
1287 1587 1459 1625 uidemus

126 1652 285 1691 mantice
302 1653 406 1702 quod
420 1652 462 1691 in
481 1656 583 1702 tergo
600 1656 664 1691 est.
723 1651 854 1690 Etiam
876 1653 1069 1699 Mussato,
1088 1646 1230 1702 poetae
1250 1651 1460 1702 Patauinoj

126 1715 345 1756 innotuisse
362 1717 483 1757 credo
503 1730 595 1756 eum
615 1716 813 1765 codicem,
827 1715 895 1767 qui
916 1717 956 1755 in
974 1715 1111 1767 Elegia
1126 1729 1205 1767 qua
1220 1716 1364 1767 gratias
1380 1715 1459 1767 egit

126 1781 367 1822 Academiae
384 1785 387 1786 ⁷
402 1781 683 1822 Patauinorum
718 1782 828 1833 quod
863 1795 905 1821 se
942 1783 1074 1821 laurea
1108 1782 1337 1821 coronasset
1370 1782 1459 1821 scri-

127 1843 245 1897 pserit
265 1847 452 1887 Carmine
464 1849 533 1887 sub
553 1853 692 1896 nostro,
708 1847 838 1891 cupidi
853 1847 1000 1887 lasciua
1019 1847 1174 1887 Catulli
1188 1847 1337 1905 ζεεύία,
1355 1848 1460 1887 dulce

171 1966 182 1986 ¹
206 1966 310 2000 Extat
325 1967 533 2011 epigramma
548 1969 622 2001 siue
639 1978 757 2000 uersus
771 1967 1116 2000 dominiBeneuenuti
1128 1966 1167 2000 de
1183 1968 1408 2010 Campexanis
1421 1969 1460 2002 de

132 2010 274 2043 Vicencia
291 2011 328 2044 de
344 2013 568 2044 resurrectione
586 2012 711 2045 Catulli
719 2016 831 2054 poetae
849 2011 1044 2044 Veronensis

342 2055 397 2087 Ad
419 2056 565 2096 patriam
586 2057 686 2088 uenio
710 2056 821 2096 longis
844 2055 888 2088 de
911 2056 1035 2088 finibus
1059 2056 1149 2096 exul,

386 2109 486 2132 causa
501 2100 568 2131 mei
592 2100 723 2132 reditus
745 2101 968 2141 compatriota
990 2100 1064 2132 fuit.

343 2142 472 2175 scilicet
494 2153 515 2175 a
537 2143 678 2175 calamis
699 2144 817 2175 tribuit
839 2144 892 2175 cui
916 2143 1058 2175 Francia
1082 2153 1219 2184 nomen,

385 2187 509 2227 quique
531 2192 627 2219 notat
648 2187 767 2220 turbae
790 2188 1042 2228 praetereuntis
1064 2188 1140 2219 iter.
1159 2196 1164 2197 ⁷

343 2239 411 2270 quo
434 2229 514 2262 licet
535 2231 675 2271 ingenio
698 2235 849 2263 uestrum
872 2229 1040 2262 celebrate
1063 2229 1243 2269 Catullum,

387 2274 481 2305 cuius
503 2274 566 2305 sub
582 2273 695 2306 modio
719 2275 834 2306 clausa
855 2283 1006 2315 papyrus
1030 2278 1113 2306 erat.

130 2315 284 2348 Mortuus
309 2316 442 2348 uidetur
467 2316 728 2355 Beneuenutus
735 2319 778 2349 de
802 2317 1027 2359 Campesanis
1051 2327 1142 2356 anno
1159 2327 1253 2358 1323
1278 2317 1455 2359 (Schulze,

130 2356 285 2399 Prolegg.
302 2358 426 2393 Catulli
443 2359 698 2402 Baehrensiani,
718 2370 750 2401 p.
763 2361 848 2402 viii)
