1650 2684
244 113 484 153 CATVLLI

243 223 429 274 sospitem
459 224 724 262 Erechtheum
752 234 795 260 se
824 220 997 260 ostendit
1024 220 1150 259 uisere
1178 227 1344 270 portum.

243 300 414 337 namque
442 287 569 325 ferunt
597 285 702 332 olim,
734 284 847 323 classi
875 297 966 323 cum
995 282 1152 322 moenia
1179 282 1295 322 diuae

243 350 486 400 linquentem
514 356 649 388 natum
678 348 805 387 uentis
833 348 1085 387 concrederet
1113 347 1280 397 Aegeus,

243 414 332 453 talia
360 415 608 464 complexum
637 411 770 451 iuueni
799 412 985 451 mandata
1011 410 1178 450 dedisse.

245 482 253 498 ‘
269 485 358 517 nate
387 476 483 515 mihi
511 478 627 527 longa
654 475 861 515 iucundior
887 474 1003 514 unice
1031 474 1122 521 uita,
1491 487 1550 519 ²¹5

242 548 343 589 nate,
373 553 446 591 ego
474 553 592 591 quem
621 539 661 578 in
689 539 831 579 dubios
859 551 978 590 cogor
1005 537 1200 578 dimittere
1227 549 1352 584 casus,

242 605 392 644 reddite
420 604 461 643 in
489 612 659 644 extrema
688 617 812 654 nuper
840 602 936 642 mihi
965 603 1043 641 fine
1070 608 1262 647 senectae,

242 668 566 719 quandoquidem
594 669 748 708 fortuna
777 681 865 707 mea
891 680 939 706 ac
966 674 1033 706 tua
1060 664 1211 705 feruida
1237 664 1360 703 uirtus

240 731 353 783 eripit
382 731 506 771 inuito
535 731 631 770 mihi
659 739 708 779 te,
739 730 802 770 cui
830 730 1014 782 languida
1040 730 1219 769 nondum

239 796 389 835 lumina
417 803 507 836 sunt
535 796 615 835 nati
644 809 733 836 cara
761 802 930 835 saturata
957 795 1089 846 figura,
1490 807 1552 830 220

242 874 322 900 non
351 873 424 911 ego
452 867 490 900 te
518 861 692 911 gaudens
720 858 880 899 laetanti
908 866 1066 910 pectore
1093 856 1257 904 mittam,

239 937 313 963 nec
343 930 382 963 te
410 924 507 963 ferre
535 923 660 962 sinam
689 925 867 962 fortunae
895 922 1005 973 signa
1032 921 1240 967 secundae,

239 989 308 1027 sed
339 987 507 1038 primum
536 988 679 1026 multas
706 999 932 1038 expromam
961 992 1093 1024 mente
1120 983 1322 1034 querellas,

239 1052 422 1092 canitiem
452 1059 550 1091 terra
578 1059 698 1103 atque
724 1051 854 1091 infuso
882 1051 1043 1102 puluere
1070 1049 1245 1095 foedans,

238 1117 330 1156 inde
360 1116 503 1155 infecta
531 1128 632 1166 uago
660 1116 900 1166 suspendam
927 1113 1046 1153 lintea
1074 1113 1190 1159 malo,
1485 1125 1549 1158 225

238 1188 391 1220 nostros
420 1187 463 1219 ut
491 1181 618 1219 luctus
647 1186 881 1229 nostraeque
909 1176 1092 1218 incendia
1118 1175 1259 1215 mentis

237 1245 419 1284 carbasus
451 1244 659 1283 obscurata
687 1243 792 1282 dicet
820 1241 1011 1293 ferrugine
1041 1239 1203 1279 Hibera.

237 1309 346 1359 quod
374 1307 445 1347 tibi
474 1307 506 1347 si
534 1307 658 1347 sancti
687 1305 923 1346 concesserit
950 1305 1079 1344 incola
1108 1303 1224 1351 Itoni,

237 1386 337 1423 quae
367 1379 543 1411 nostrum
571 1385 705 1422 genus,
736 1372 806 1410 has
835 1371 950 1410 sedes
977 1369 1190 1409 defendere
1219 1365 1406 1406 Erechthi

235 1436 384 1484 annuit,
414 1443 457 1475 ut
485 1435 583 1475 tauri
612 1448 810 1486 respergas
838 1432 1027 1484 sanguine
1055 1433 1241 1478 dextram,
1488 1445 1550 1477 230

236 1506 319 1538 tum
349 1513 442 1539 uero
470 1498 589 1538 facito
618 1505 661 1538 ut
688 1497 852 1537 memori
881 1496 952 1536 tibi
981 1495 1141 1536 condita
1168 1495 1288 1535 corde

236 1565 334 1603 haec
362 1563 519 1614 uigeant
547 1563 742 1610 mandata,
773 1575 847 1601 nec
875 1562 955 1600 ulla
982 1559 1178 1600 oblitteret
1204 1566 1336 1606 aetas3

235 1635 279 1667 ut
307 1627 422 1666 simul
449 1641 495 1667 ac
524 1633 677 1666 nostros
706 1625 876 1665 inuisent
903 1624 1053 1664 lumina
1079 1623 1200 1670 collis,

236 1693 429 1732 funestam
457 1698 652 1730 antennae
680 1691 883 1741 deponant
910 1688 1087 1739 undique
1114 1695 1275 1734 uestem,

279 1806 339 1827 211
367 1795 528 1835 sospitem
548 1798 696 1826 erectum
721 1793 799 1834 (err.
826 1792 859 1824 Β
882 1791 1033 1824 nondum
1055 1790 1223 1829 correctus)
1249 1788 1292 1829 Β,
1317 1788 1542 1829 Laurentr'am',

237 1839 357 1880 Carp.:
382 1848 409 1870 s.
422 1842 576 1878 ereptum
589 1840 674 1869 ceta:
700 1836 902 1868 Erectheum
924 1835 1003 1866 Voss
1103 1844 1166 1865 212
1189 1833 1286 1865 classi
1299 1832 1415 1864 codices
1422 1837 1551 1874 praeter

237 1882 267 1912 A
286 1886 315 1913 et
327 1881 594 1913 Santem'anum:
617 1880 760 1911 classem
775 1879 808 1909 A
827 1878 925 1911 sant.
1012 1877 1163 1909 moenico
1179 1879 1206 1907 Ω
1323 1885 1386 1915 213
1409 1880 1544 1915 gnatum

235 1927 262 1955 Ω
352 1924 508 1955 conci-ed.
525 1922 717 1954 Auanh'us:
742 1932 817 1953 cum
843 1921 933 1954 cred.
953 1924 981 1952 Ω
1047 1929 1153 1960 egens
1171 1918 1234 1950 GO
1369 1928 1432 1957 2¹4
1457 1927 1546 1949 com-

234 1967 334 2007 plexo
349 1965 420 1998 AD
435 1965 532 1997 sant.
635 1974 697 2004 215
713 1969 803 2005 gnat.
822 1967 848 1996 Ω
936 1964 996 1996 ioc.
1014 1966 1041 1995 Ω
1153 1963 1218 1993 216
1240 1965 1330 2001 gnat.
1347 1963 1374 1992 Ω
1483 1961 1547 1991 218

234 2009 290 2050 ac]
310 2009 392 2050 sort.
418 2009 501 2040 haec
663 2018 727 2048 2¹9
749 2008 803 2039 cui
834 2007 868 2039 R
892 2011 990 2048 super
1012 2015 1188 2039 rasuram:
1233 2014 1333 2044 quem
1365 2003 1406 2035 al.
1432 2002 1485 2034 cui
1518 2003 1548 2035 G

234 2062 300 2084 220
321 2056 412 2092 gnat.
432 2054 459 2082 Ω
571 2061 633 2091 223
655 2050 823 2092 querellas
842 2049 959 2081 ORBa
1069 2058 1130 2087 224
1155 2046 1276 2079 insulso
1294 2046 1346 2077 O:
1373 2045 1497 2084 insulso
1512 2045 1547 2077 R

234 2095 351 2134 sedens
367 2095 544 2137 (suprascr.
561 2096 594 2134 a)
608 2094 640 2125 R
726 2103 788 2133 227
813 2093 990 2124 obscurata
1002 2090 1132 2130 Gomn,
1145 2094 1174 2121 et
1187 2090 1231 2121 sic
1244 2089 1277 2121 R
1291 2088 1350 2120 sed
1360 2094 1407 2129 ‘1¹3
1418 2088 1548 2130 punctis

235 2141 369 2170 notata:
401 2138 544 2170 obscura
563 2137 632 2168 AC
653 2135 881 2173 Laurentium,
910 2140 954 2176 ap
1018 2134 1108 2165 dicet
1134 2136 1181 2165 nt
1217 2133 1322 2172 duget
1349 2131 1404 2162 D:
1428 2131 1546 2162 oboeu-

234 2186 305 2213 rata
335 2181 434 2213 decet
463 2180 621 2212 Laetum:
652 2180 795 2211 obscura
822 2178 933 2218 signet
960 2176 1142 2217 Conington
1268 2175 1332 2206 228
1364 2173 1451 2205 Itoni
1484 2173 1545 2206 At.

237 2224 423 2255 Guarinus:
446 2223 576 2264 ythomi
592 2222 646 2254 uel
660 2222 778 2253 ithomi
793 2224 819 2252 Ω
949 2230 1014 2259 229
1037 2220 1098 2250 has
1110 2221 1148 2259 Ω,
1162 2217 1292 2250 Statius
1305 2228 1314 2249 ε
1334 2226 1375 2248 ιο
1389 2221 1434 2258 ap
1449 2221 1541 2256 καις.

236 2266 394 2298 Erechthi
406 2266 577 2298 Buecheler
588 2277 597 2297 x
620 2265 695 2297 freti
706 2268 732 2295 Ω
820 2273 885 2303 230
906 2263 1023 2295 annuit
1033 2261 1132 2293 etiam
1142 2261 1186 2302 R,
1196 2260 1254 2292 sed
1262 2260 1272 2291 i
1284 2264 1382 2301 super
1389 2268 1546 2290 rasuram

235 2318 294 2348 231
314 2315 383 2341 tum
402 2308 454 2340 0:
477 2313 512 2340 tu
529 2311 555 2340 Ω
674 2317 738 2348 232
753 2306 918 2348 oblifleret
935 2305 1105 2345 (obliferet
1127 2303 1200 2342 um)
1216 2303 1258 2334 al.
1278 2302 1435 2334 obliteret
1452 2299 1482 2332 G
1488 2299 1545 2332 14η

235 2362 299 2393 233
321 2363 360 2384 ac
373 2357 416 2394 ap
432 2363 441 2384 ι
461 2352 524 2384 hec
540 2354 567 2383 Ω
697 2360 761 2390 234
784 2355 930 2382 antenne
944 2348 968 2391 ΙΙ
986 2348 1059 2389 (sic)
1077 2347 1107 2379 G
1119 2358 1127 2379 ε
1149 2351 1318 2378 antenene
1334 2355 1378 2377 ne
1395 2343 1426 2375 Ο
