1592 2664
171 112 412 152 CATVLLI

704 222 881 260 XXXIX

172 287 393 331 EGNATws,
423 286 532 335 quod
561 284 750 324 candidos
781 285 900 324 habet
932 284 1086 333 dentes,

169 348 319 388 renidet
347 361 470 399 usque
499 361 678 399 quaque:
716 347 772 387 sei
799 348 851 387 ad
881 347 935 386 rei
966 355 1129 387 uentum
1157 355 1217 387 εει

168 412 406 458 subsellium,
438 425 528 450 cum
557 419 686 451 orator
715 410 856 450 excitat
887 412 1034 458 fletum,

168 475 317 515 renidet
346 475 432 515 ille:
470 475 502 514 si
530 476 582 515 ad
610 475 663 526 pii
693 488 829 525 rogum
860 474 915 513 fili

168 540 328 589 lugetur,
359 540 454 578 orba
482 552 573 578 cum
606 540 672 578 flet
701 538 861 578 unicum
890 545 1023 586 mater,
1461 556 1480 588 5

167 602 317 642 renidet
345 603 432 642 ille:
470 602 663 653 quidquid
693 610 762 651 est,
796 602 1036 653 ubicumque
1064 610 1134 650 est,

167 668 445 718 quodcumque
472 667 561 718 agit,
592 667 765 707 renidet:
802 669 907 706 hunc
937 667 1056 706 habet
1085 666 1278 715 morbum,

167 744 295 781 neque
322 733 550 782 elegantem,
582 739 624 770 ut
651 731 825 778 arbitror,
857 743 986 782 neque
1014 730 1218 770 urbanum.

166 808 285 846 quare
313 797 556 835 monendum
585 803 659 835 test
689 795 794 842 mihi,
827 795 931 834 bone
962 793 1112 845 Egnati.

166 858 197 898 si
226 859 396 899 urbanus
424 872 529 898 esses
556 867 622 898 aut
652 858 819 910 Sabinus
852 866 919 897 aut
946 857 1100 905 Tiburs,
1439 874 1479 897 ro

165 930 232 962 aut
259 936 397 974 parcus
426 923 574 962 Vmber
601 930 669 962 aut
696 923 839 962 obesus
871 923 1069 969 Etruscus,

164 994 232 1026 aut
260 987 461 1026 Lanuinus
489 994 570 1026 ater
598 993 716 1038 atque
745 987 939 1033 dentatus,

164 1058 232 1090 aut
259 1052 573 1101 Transpadanus,
604 1058 647 1089 ut
677 1063 785 1089 meos
814 1062 974 1100 quoque
1002 1049 1200 1100 attingam,

163 1122 230 1153 aut
258 1114 325 1165 qui
354 1115 472 1162 lubet,
502 1114 570 1164 qui
598 1113 742 1164 puriter
774 1112 869 1152 lauit
897 1113 1047 1160 dentes,

165 1186 295 1218 tamen
324 1178 499 1218 renidere
528 1191 652 1228 usque
680 1190 836 1228 quaque
863 1184 902 1216 te
930 1178 1099 1216 nollem:
1434 1192 1447 1216 ι
1455 1194 1473 1226 5

164 1257 255 1282 nam
284 1243 361 1282 risu
389 1243 523 1294 inepto
551 1256 611 1282 res
639 1242 806 1293 ineptior
833 1243 940 1282 nulla
966 1249 1034 1281 est.

164 1319 269 1346 nunc
298 1306 470 1347 Celtiber
497 1319 562 1345 es:
599 1305 810 1346 Celtiberia
836 1305 876 1343 in
904 1312 1014 1352 terra,

163 1371 271 1421 quod
299 1370 464 1421 quisque
493 1369 640 1417 minxit,
671 1370 747 1408 hoc
775 1368 849 1407 sibi
878 1370 978 1407 solet
1008 1381 1125 1408 mane

162 1434 322 1473 dentem
349 1440 468 1484 atque
495 1445 643 1472 russam
672 1432 857 1472 defricare
883 1431 1091 1482 gingiuam,

162 1506 204 1536 ut
231 1509 312 1548 quo
339 1497 411 1536 iste
439 1503 567 1536 uester
594 1495 798 1547 expolitior
825 1496 923 1535 dens
951 1502 1021 1543 est,
1431 1511 1473 1534 πο

162 1562 237 1600 hoc
266 1568 304 1601 te
332 1560 498 1611 amplius
525 1559 672 1599 bibisse
700 1559 896 1610 praedicet
925 1559 1006 1598 loti.

203 1662 358 1695 XXXIX
367 1672 442 1694 cum
458 1661 652 1694 XXXVIII
664 1663 854 1694 continuant
870 1666 897 1694 Ω
1048 1671 1069 1693 2
1082 1662 1134 1693 sei
1150 1660 1221 1694 Oet
1234 1658 1337 1692 Lam.
1354 1669 1409 1701 33.
1432 1670 1469 1691 12

161 1706 250 1747 quod
261 1717 327 1737 non
347 1716 451 1737 ausus
470 1716 548 1738 sum
567 1705 764 1738 immutare:
792 1715 852 1738 seu
873 1706 914 1737 al.
938 1705 988 1737 sei
1010 1703 1133 1737 RVen:
1156 1713 1219 1736 seu
1245 1703 1275 1735 G
1291 1706 1321 1734 et
1330 1702 1472 1743 plm’quae

160 1759 180 1789 3
203 1749 334 1786 subs(sc
354 1747 502 1789 O)ellum
524 1759 597 1780 cum
615 1749 740 1780 excitat
757 1749 892 1790 (recitat
907 1747 986 1788 AC)
1002 1752 1117 1779 orator
1133 1750 1160 1778 Ω
1246 1757 1277 1785 4,
1295 1755 1315 1785 5
1330 1756 1395 1777 om.
1414 1745 1470 1776 Db

160 1803 179 1831 4
196 1792 241 1831 pii
257 1791 353 1823 BLa¹
367 1802 374 1823 ε
390 1792 436 1831 pii
447 1791 487 1823 al.
502 1791 593 1832 impii
608 1790 738 1823 GRVen
753 1802 761 1822 z
778 1791 870 1832 impii
889 1790 921 1823 Ο
978 1799 1096 1830 rogum
1107 1789 1175 1821 BD
1183 1792 1213 1820 et
1222 1786 1469 1820 Santem‘anus:

162 1845 278 1874 regum
294 1838 320 1865 Ω
403 1834 462 1865 filii
481 1837 508 1865 Ω
593 1836 615 1866 6
636 1835 795 1875 quicquid
811 1837 838 1865 Ω
924 1835 947 1865 8
969 1842 1032 1865 nec
1047 1833 1209 1864 urbanum
1226 1830 1258 1862 Ο
1341 1840 1364 1870 9
1385 1829 1468 1872 test]

160 1882 211 1909 est
226 1877 312 1909 codd.
332 1881 366 1909 te
384 1876 459 1908 add.
478 1876 625 1919 Spengel,
642 1883 694 1910 est
713 1882 747 1909 te
763 1877 930 1909 Baehrens
1014 1876 1204 1908 monendus
1221 1884 1259 1906 es
1275 1873 1365 1915 Calp.
1387 1873 1467 1912 148¹

163 1930 198 1952 11
224 1930 344 1961 parcus
359 1923 404 1952 n:
427 1920 566 1961 parthus
581 1921 645 1953 cod.
664 1920 891 1953 Ashburnm':
909 1929 1033 1960 porcus
1048 1918 1069 1949 Ιι
1084 1922 1114 1950 et
1124 1917 1316 1956 Bria-ianus,
1325 1915 1474 1957 Scaliger

158 1974 198 1994 ex
212 1963 407 1995 mnisctura:
431 1964 566 2004 pinguis
580 1963 682 1996 Gloss.
698 1962 795 1996 Vatic.
806 1963 841 1994 in
850 1962 938 1994 Maii
947 1961 1049 1993 Class.
1060 1961 1157 1993 Aua.
1168 1959 1243 1991 vn.
1255 1969 1317 1999 574
1329 1958 1470 1997 Pinguis

159 2016 305 2046 grassus.
343 2006 428 2038 Nam
441 2007 566 2039 obesus
581 2007 657 2048 plus
668 2011 720 2039 est
731 2015 831 2046 quam
847 2005 991 2046 pinguis.
1025 2003 1178 2035 Catullus
1190 2003 1234 2034 ait
1246 2002 1318 2034 Aut
1332 2000 1469 2042 pinguis

160 2050 263 2081 ubera
286 2053 343 2081 aut
369 2049 492 2082 obesus
515 2054 550 2082 et
578 2059 738 2090 prossus:
765 2049 869 2080 fartus
893 2047 1003 2079 Bamu.
1034 2045 1185 2078 Venator:
1221 2049 1339 2085 pastus
1365 2042 1445 2076 Vm
1459 2054 1468 2075 ε

160 2101 293 2124 crassus
318 2091 450 2126 Loewe:
475 2103 560 2125 num
585 2094 748 2134 spurcus!
902 2099 941 2121 12
963 2089 1120 2121 lanuinus
1143 2087 1179 2119 D
1202 2091 1232 2119 el
1242 2087 1388 2128 fhrtasse
1408 2084 1444 2117 R
1457 2095 1466 2116 ε

160 2133 339 2167 lamiuinus
361 2135 458 2168 GOB
582 2144 622 2176 13
643 2139 681 2166 ut
702 2133 801 2166 Dak:
825 2138 883 2165 aut
904 2135 931 2164 Ω
1057 2141 1094 2171 14
1118 2131 1246 2171 pariter
1268 2129 1323 2162 uel
1340 2128 1470 2169 puriter

160 2177 263 2208 RVen
353 2179 392 2209 16
412 2178 515 2211 Extat
528 2177 624 2219 apud
634 2177 838 2209 Hieremiam
847 2175 990 2208 Iudicem
1005 2173 1045 2206 de
1058 2174 1155 2206 Mon!
1242 2182 1282 2204 ne
1291 2169 1467 2212 Computa.

159 2219 277 2253 Moral.
296 2220 433 2255 Notabil.
449 2227 482 2263 p.
500 2221 557 2254 iiii.
576 2231 606 2261 4.
626 2221 648 2252 8
758 2229 796 2260 17
819 2229 858 2251 es
872 2217 949 2250 add.
969 2217 1065 2249 Conr.
1084 2217 1123 2248 de
1136 2216 1170 2248 A
1204 2216 1211 2223 '
1238 2226 1246 2247 ε
1268 2225 1335 2247 om.
1353 2212 1468 2245 andnim

163 2264 203 2295 18
217 2264 339 2305 quique
350 2265 445 2297 mixit
457 2265 509 2296 O:
525 2263 637 2304 minsit
653 2262 827 2304 (suprascr.
840 2262 880 2303 x)
896 2260 948 2293 B:
964 2261 1079 2292 minsit
1094 2258 1130 2291 D
1142 2261 1172 2290 ee
1185 2257 1249 2291 ωᾰ.
1262 2256 1468 2306 Ashbumefr

163 2316 203 2347 19
226 2317 355 2339 russam
374 2318 406 2348 a,
421 2307 582 2349 Apuleius
596 2305 694 2348 Apol.
709 2307 760 2337 vi:
783 2314 894 2337 rusam
910 2306 953 2336 n:
977 2302 1082 2335 rusam
1101 2301 1168 2334 cod.
1182 2300 1286 2332 Askb.
1358 2307 1467 2339 pumi-

161 2359 237 2382 care
260 2350 422 2391 Apuleius
594 2359 637 2381 20
660 2353 774 2380 noster
799 2347 851 2379 Oa
969 2345 1139 2386 expolitor
1156 2343 1198 2376 al.
1223 2344 1290 2375 tior
1309 2340 1467 2375 BRVen:

162 2393 329 2433 expolitur
347 2390 444 2425 oLa¹
571 2400 610 2422 ει
634 2391 725 2423 lotus
739 2393 766 2421 Ω
782 2401 789 2422 =
811 2389 916 2421 lotum
931 2388 953 2420 12
968 2391 997 2420 et
1011 2386 1076 2420 cod.
1092 2385 1302 2418 Ast-bunun·
