1592 2664
1073 97 1318 140 CARMEN
1346 98 1448 136 XXI

227 230 347 268 quare
375 215 523 263 desine,
553 216 651 255 dum
679 214 771 254 licet
798 213 957 266 pudico,

226 293 278 320 ne
306 281 426 320 finem
454 279 584 327 facias,
616 280 687 319 sed
715 278 934 318 irrumatus.

705 383 830 421 XXII

116 455 329 494 SVFFEst
357 454 440 503 iste,
470 455 585 501 Vare‚
616 466 735 504 quem
764 452 888 503 probe
916 451 1032 499 nosti,

115 520 238 558 homo
266 526 325 558 est
352 525 542 558 uenustus
570 525 610 557 et
637 517 752 557 dicax
780 524 819 556 et
847 516 1031 563 urbanus,

115 583 302 635 idemque
330 584 447 634 longe
474 582 664 635 plurimos
691 581 785 621 facit
813 595 959 621 uersus.

115 655 212 699 puto
241 661 326 687 esse
355 661 429 699 ego
457 648 511 687 illi
540 647 648 687 milia
674 654 742 686 aut
769 648 910 687 decem
938 653 1006 685 aut
1035 646 1147 697 plura

114 713 336 764 perscripta,
369 726 443 752 nec
471 712 526 752 sic
555 720 598 752 ut
626 714 670 751 fit
698 712 738 751 in
766 711 1023 764 palimpsesto
1424 726 1443 759 5

113 778 255 816 relata:
294 784 422 816 cartae
450 777 587 828 regiae,
618 776 714 816 noui
743 775 842 824 libri,

113 843 207 883 noui
237 842 425 890 umbilici,
456 844 538 882 lora
565 843 691 891 rubra,
723 842 954 882 membrana

111 909 270 947 derecta
295 908 472 959 plumbo,
503 914 542 946 et
569 906 727 958 pumice
755 906 891 946 omnia
918 912 1098 956 aequata.

111 973 210 1012 haec
238 985 330 1012 cum
361 973 465 1023 legas
495 978 549 1019 tu,
580 972 707 1011 bellus
735 971 800 1010 ille
829 977 868 1010 et
897 970 1070 1010 urbanus

111 1038 292 1077 Suffenus
321 1050 423 1076 unus
451 1036 713 1087 caprimulgus
742 1043 811 1075 aut
839 1036 966 1074 fossor
1398 1049 1439 1073 ιο

109 1115 240 1141 rursus
269 1101 448 1141 uidetur:
487 1108 641 1140 tantum
668 1101 853 1140 abhorret
880 1113 927 1139 ac
956 1106 1093 1138 mutat.

109 1167 187 1206 hoc
215 1166 311 1218 quid
339 1174 523 1217 putemus
551 1167 667 1206 esse?
704 1165 773 1216 qui
801 1166 924 1205 modo
952 1178 1084 1204 scurra

109 1239 177 1270 aut
205 1231 335 1282 siquid
362 1232 438 1270 hac
465 1244 506 1270 re
533 1229 671 1270 tersius
699 1229 918 1277 uidebatur,

109 1295 215 1335 idem
243 1295 414 1335 infaceto
442 1303 500 1335 est
528 1294 732 1334 infacetior
759 1308 857 1343 rure,

109 1359 226 1399 simul
253 1367 437 1411 poemata
464 1358 600 1410 attigit,
632 1372 762 1410 neque
790 1359 897 1398 idem
926 1371 1117 1409 umquam
1397 1376 1435 1408 15

107 1437 234 1475 aeque
261 1432 320 1464 est
348 1425 487 1464 beatus
514 1437 561 1463 ac
589 1437 734 1474 poema
761 1437 853 1463 cum
883 1423 1042 1463 scribit:

108 1496 188 1528 tarn
215 1490 362 1540 gaudet
389 1488 430 1527 in
459 1502 500 1528 se
529 1495 689 1539 tamque
717 1501 760 1527 se
788 1488 873 1539 ipse
901 1488 1072 1527 miratur.

107 1553 292 1593 nimimm
319 1553 426 1594 idem
455 1567 593 1593 omnes
622 1553 800 1602 fallimur,
831 1567 962 1604 neque
990 1561 1049 1592 est
1077 1553 1287 1604 quisquam

152 1653 191 1674 12
214 1643 346 1675 desinat
361 1646 388 1674 Ω
403 1655 411 1674 :
434 1643 571 1674 desinas
586 1642 654 1675 Ac
763 1653 803 1683 13
819 1653 862 1674 ne
879 1642 926 1675 ed.
941 1647 994 1684 pr.
1013 1653 1020 1674 :
1043 1653 1108 1674 nec
1124 1645 1151 1673 Ω
1166 1654 1174 1674 :
1197 1643 1253 1674 nei
1269 1642 1434 1675 Baehrens

107 1686 285 1718 iri-umatus
299 1686 344 1718 ed.
357 1691 410 1727 pr.
425 1698 432 1717 ε
456 1686 672 1718 irruminatus
687 1696 760 1718 sum
773 1689 801 1718 Ω

151 1730 255 1761 XXII
280 1741 355 1760 cum
378 1729 470 1760 XXI
489 1730 683 1761 continuant
698 1729 760 1761 GO
778 1731 848 1761 sine
869 1729 1043 1770 interstittb,
1070 1730 1187 1761 adiecto
1211 1733 1321 1762 tamen
1346 1730 1436 1772 quod

106 1783 236 1804 nouum
251 1783 380 1805 carmen
396 1772 511 1804 indicet
524 1785 532 1805 z
555 1783 602 1804 An
619 1783 742 1804 VARvm
762 1784 873 1815 marg.
892 1772 1144 1812 G‚RVenABD
1158 1786 1166 1805 ι
1188 1783 1238 1805 At>
1254 1783 1392 1806 vtuuvn
1407 1775 1436 1806 C

105 1825 127 1855 3
150 1817 306 1857 idemque
320 1816 362 1848 al.
377 1816 525 1857 itemque
543 1817 573 1848 G
682 1827 702 1856 4
726 1822 808 1857 puto
824 1828 901 1849 esse
917 1827 982 1856 ego
996 1816 1252 1849 GORVenLa12
1275 1822 1356 1858 puto
1368 1829 1432 1858 ego

105 1870 182 1892 esse
204 1859 323 1892 BCDh
424 1860 516 1891 milia
539 1860 592 1892 0:
623 1859 725 1891 millia
743 1860 772 1891 G
910 1870 931 1900 5
955 1860 1021 1902 sic]
1039 1861 1082 1891 sit
1098 1863 1125 1891 Ω
1228 1861 1432 1902 palmisepto

109 1902 212 1944 (-seto
226 1902 336 1944 BLa1)
354 1906 381 1934 Ω
397 1915 405 1935 2
429 1902 658 1945 παλίμψηστον
674 1904 847 1935 Marcilius
975 1906 998 1935 6
1020 1914 1107 1935 noue
1118 1907 1145 1935 Ω
1161 1915 1168 1936 :
1194 1914 1317 1936 nouem
1326 1905 1408 1936 Dah
1422 1917 1429 1936 :

105 1947 206 1979 nouei
226 1945 367 1979 Lachm.
515 1957 532 1986 7
557 1948 751 1979 membrana
769 1947 959 1978 Auantius:
985 1947 1230 1987 membran(a)e
1247 1951 1284 1989 Ω,
1304 1948 1432 1980 Munro

104 1989 127 2020 8
148 1989 287 2021 derecta
299 1989 450 2022 Statius:
474 1990 607 2022 detecta
623 1994 650 2021 Ω
786 2001 826 2022 10
849 1991 960 2031 capri.
972 1991 1107 2031 mulgus
1126 1990 1260 2023 GRVen
1392 2002 1428 2023 11

104 2033 245 2064 abhoret
259 2031 290 2064 Ο
302 2044 310 2066 :
324 2033 468 2073 sortasse
481 2034 613 2065 aberrat
726 2044 764 2073 13
787 2045 827 2066 ac
851 2045 889 2065 re
907 2034 960 2066 O:
982 2039 1040 2066 aut
1059 2045 1096 2066 re
1115 2034 1181 2067 cod.
1203 2034 1428 2067 Ashburneri:

94 2075 177 2115 fort.
195 2086 277 2108 aure
382 2077 507 2108 tersius
523 2078 575 2108 uel
589 2078 708 2109 tertius
723 2078 844 2118 Peipff,
864 2077 990 2109 Munro
1004 2090 1012 2109 :
1035 2078 1164 2109 tristius
1180 2081 1207 2109 Ω
1221 2089 1228 2109 :
1254 2079 1365 2111 tritius
1380 2079 1428 2111 ed.

103 2119 194 2151 Iunt.
214 2129 320 2159 1503:
342 2120 461 2152 scitius
482 2119 522 2151 L.
541 2119 698 2152 Mueller:
724 2121 875 2153 strictius
897 2122 951 2152 uel
973 2122 1120 2162 crispius
1142 2132 1198 2163 ego
1331 2132 1371 2162 14
1395 2123 1430 2154 in
1462 2129 1466 2131 ’

103 2161 213 2194 faceto
235 2167 288 2194 est
311 2163 345 2194 in
366 2163 477 2195 faceto
499 2173 577 2195 rure
603 2164 721 2196 GOR:
747 2164 869 2196 infacet
892 2175 970 2196 rure
993 2166 1027 2196 A
1048 2176 1055 2196 :
1078 2165 1227 2196 infaceti'
1248 2165 1277 2196 C
1389 2175 1428 2206 15

103 2215 215 2246 neque
232 2206 321 2238 idem
336 2206 365 2238 G
379 2218 387 2237 :
402 2207 457 2238 uel
472 2217 582 2246 neque
598 2218 661 2239 nec
672 2208 760 2239 idem
779 2207 831 2239 Oh
921 2209 960 2238 16
982 2219 1022 2240 ac
1034 2209 1055 2239 h
1069 2221 1075 2240 :
1092 2209 1137 2239 ah
1146 2207 1316 2240 ABDLa¹
1330 2219 1370 2241 a:
1384 2210 1430 2241 ha

107 2249 275 2281 GORVen
317 2249 409 2291 cum]
421 2254 492 2282 tum
502 2250 537 2281 R
605 2261 644 2291 17
660 2251 809 2292 tamque]
823 2256 990 2291 tamquam
999 2251 1123 2284 DGOh
1194 2253 1300 2284 18-20
1309 2262 1429 2285 omnes

106 2291 249 2324 fallimur
263 2317 271 2326 .
286 2317 294 2325 .
309 2317 317 2326 .
330 2303 426 2325 error
434 2297 547 2325 extant
559 2294 652 2335 apud
658 2294 864 2327 Hieremiam
879 2295 1023 2327 Iudicem
1034 2295 1073 2326 de
1082 2294 1318 2337 Montagnone,
1334 2295 1428 2329 Part.

103 2335 214 2377 11(1).
233 2347 263 2377 3.
278 2338 309 2375 8,
325 2336 373 2369 ed.
389 2335 465 2368 Ven.
484 2346 567 2377 1505
578 2349 591 2375 ,·
610 2347 711 2377 19-21
728 2338 764 2370 in
772 2338 860 2370 Flor.
875 2339 996 2371 Moral.
1008 2338 1168 2371 Auctor-it.
1180 2339 1225 2372 II.
1240 2350 1272 2380 3,
1285 2340 1346 2380 qui
1354 2339 1432 2372 liber

104 2379 240 2420 scriptus
252 2383 300 2412 est
312 2390 401 2412 anno
420 2390 503 2421 1329
516 2380 657 2413 Veronae
783 2383 823 2413 18
845 2392 955 2422 neque
971 2387 1026 2415 est
1044 2381 1178 2415 GRVen
1192 2394 1200 2415 :
1224 2393 1288 2415 nec
1305 2388 1358 2415 est
1377 2383 1408 2414 Ο

148 2431 288 2455 arvi-1..
1319 2430 1339 2460 2
