1592 2664
1067 92 1311 132 CARMEN
1340 91 1450 130 VIII

177 206 319 245 fulsere
346 205 551 256 quondam
579 202 741 244 candidi
768 201 842 242 tibi
869 204 984 251 soles,

176 283 268 309 cum
296 269 518 310 uentitabas
546 282 628 320 quo
655 269 788 320 puella
814 267 988 308 ducebat

175 342 305 374 amata
334 334 448 374 nobis
477 341 671 385 quantum
698 332 895 372 amabitur
922 333 1040 372 nulla.
1430 346 1449 378 5

175 399 230 440 ibi
258 400 325 439 illa
353 401 476 438 multa
504 407 588 438 tum
618 399 752 438 iocosa
780 398 940 445 fiebant,

175 479 276 516 quae
305 473 346 504 tu
376 465 538 504 uolebas
567 478 642 503 nec
670 465 800 515 puella
830 463 1000 502 nolebat.

175 531 316 569 fulsere
345 543 436 568 uere
465 529 623 568 candidi
654 528 726 568 tibi
756 530 869 567 soles.

174 609 280 634 nunc
308 594 386 633 iam
415 594 480 633 illa
509 608 590 633 non
619 595 725 632 uolt:
765 602 806 632 tu
836 606 998 644 quoque
1025 591 1210 644 inpotens
1242 590 1335 638 noli,

174 673 247 699 ηερ
277 673 378 711 quae
407 659 503 710 fugit
533 667 691 706 sectare,
723 672 796 697 nec
826 657 944 697 miser
972 657 1076 705 uiue,
1408 671 1448 694 10

174 725 244 764 sed
273 724 471 763 obstinata
500 731 632 762 mente
660 724 797 774 perfer,
830 723 995 762 obdura.

173 791 271 837 uale,
302 791 442 840 puella.
492 788 570 827 iam
600 789 778 829 Catullus
807 788 988 834 obdurat,

173 867 247 894 ηερ
276 862 315 893 te
343 854 512 904 requiret
542 868 615 892 nee
644 852 797 903 rogabit
825 852 1002 891 inuitam.

172 926 212 958 at
240 926 283 957 tu
311 917 476 965 dolebis,
508 932 599 957 cum
629 917 827 968 rogaberis
856 917 974 955 nulla.

173 984 336 1022 scelesta
363 986 443 1023 †ne
473 986 550 1023 te†.
591 995 693 1033 quae
722 981 794 1020 tibi
823 987 957 1020 manet
984 979 1090 1019 uita!
1409 994 1446 1026 15

172 1047 260 1098 quis
288 1061 394 1087 nunc
423 1055 462 1086 te
489 1046 643 1086 adibit?
689 1046 753 1085 cui
782 1044 979 1085 uideberis
1010 1045 1142 1084 bella?

172 1125 291 1163 quem
320 1126 426 1152 nunc
453 1111 634 1151 amabis?
671 1111 783 1151 cuius
811 1125 898 1151 esse
926 1109 1099 1150 diceris?

171 1190 291 1228 quem
319 1176 520 1216 basiabis?
556 1176 621 1216 cui
648 1177 791 1216 labella
818 1174 1049 1216 mordebis?

171 1249 211 1281 at
239 1249 292 1289 tu,
323 1242 488 1290 Catulle,
521 1241 739 1281 destinatus
768 1241 932 1280 obdura.

706 1397 766 1434 IX

168 1496 350 1541 VERANJ,
381 1493 566 1533 omnibus
595 1507 617 1532 e
646 1493 744 1532 meis
771 1493 908 1532 amieis

167 1558 357 1598 antistans
386 1557 482 1597 mihi
511 1557 669 1597 milibus
698 1557 893 1606 trecentis,

167 1623 361 1663 uenistine
389 1624 554 1662 domum
582 1624 635 1662 ad
663 1630 752 1662 tuos
782 1625 951 1662 Penates

166 1690 380 1739 fratresque
407 1687 618 1727 unanimos
646 1702 848 1738 anumque
876 1689 1072 1727 matrem?

165 1751 317 1792 uenisti.
377 1766 402 1791 o
430 1752 527 1791 mihi
555 1752 685 1791 nuntii
711 1752 842 1791 beati!
1423 1771 1440 1801 5

165 1816 291 1857 uisam
319 1825 358 1856 te
386 1816 628 1857 incolumem
657 1817 898 1868 audiamque
928 1817 1128 1857 Hiberum

164 1890 384 1922 narrantem
414 1884 515 1931 loca,
542 1883 659 1931 facta,
687 1882 879 1930 nationes,

153 1987 176 2018 6
196 1996 271 2019 cum
291 1987 343 2019 O:
377 1993 445 2019 tam
466 1987 613 2029 Scaliger
747 1999 770 2028 9
792 1988 959 2028 impotens
986 1987 1055 2019 noli
1082 1987 1278 2019 Auantius:
1313 1986 1440 2028 impote

111 2029 245 2071 (inpete
263 2029 308 2071 Ο)
326 2033 353 2062 Ω
500 2041 538 2062 12
561 2042 628 2064 om.
649 2031 717 2062 La¹
853 2042 892 2071 14
915 2030 1007 2062 nulla
1022 2034 1049 2061 Ω
1184 2039 1223 2071 15
1248 2041 1291 2062 ne
1307 2034 1362 2061 ter
1378 2031 1439 2062 tibi

109 2083 196 2113 quae
211 2073 306 2107 Bodl.
325 2074 400 2107 Lat.
415 2075 517 2106 Class.
535 2086 558 2106 e.
576 2084 614 2115 15
632 2086 640 2106 z
663 2085 726 2106 nec
739 2079 773 2106 te
785 2075 873 2106 Pln'l.
890 2087 896 2106 ε
916 2079 1015 2106 nocte
1026 2074 1158 2106 Statius
1229 2074 1355 2105 nullam
1373 2098 1380 2106 .
1398 2098 1406 2106 .
1427 2098 1434 2107 .

109 2122 244 2149 noctem
264 2116 348 2150 Voss
480 2119 519 2149 18
542 2129 619 2150 cum
634 2118 754 2150 labella
772 2117 803 2149 Ο

136 2177 138 2179 >
154 2160 204 2191 IX
226 2171 274 2192 An
290 2162 533 2202 vx-:Remfflhvm
551 2165 577 2193 Ω
593 2173 601 2193 :
623 2163 770 2203 spatium
791 2163 893 2193 unius
909 2173 1023 2193 uersus
1038 2163 1072 2193 in
1091 2162 1122 2193 Ο
1196 2173 1208 2193 1
1236 2162 1364 2194 Verani
1393 2173 1413 2193 a
1431 2174 1438 2193 ε

107 2203 256 2236 Veranni
271 2203 551 2237 BDGLa¹Ohh²z
582 2205 739 2237 Veramni
764 2205 797 2247 ᾼ
805 2205 833 2237 C
918 2216 937 2237 e
961 2217 1028 2238 om.
1055 2205 1086 2237 O
1232 2217 1251 2236 2
1273 2206 1436 2238 antistans

108 2246 299 2281 Auantius:
325 2248 466 2280 antistas
493 2251 519 2279 Ω
618 2249 753 2281 milibus
782 2249 834 2281 0:
859 2249 1006 2281 millibus
1035 2249 1179 2283 GRVen.
1324 2261 1343 2290 4
1367 2260 1436 2282 uno

108 2291 220 2322 animo
240 2302 422 2332 sanamque
449 2292 501 2324 0:
539 2303 608 2324 uno
624 2293 736 2324 animo
753 2303 917 2333 suamque
940 2294 982 2325 al.
1001 2303 1119 2325 sanam
1139 2293 1239 2325 GVen
1320 2304 1435 2325 anum-

109 2344 174 2374 que
189 2335 341 2367 Faernus
355 2347 362 2368 ι
386 2346 572 2376 senemque
587 2335 762 2368 Auantius
