1682 2690
260 131 501 171 CATVLL'I

259 240 378 279 Troia
407 237 549 291 (nefas)
578 251 789 278 commune
817 238 1037 288 sepulcrum
1066 235 1184 276 Asiae
1213 236 1484 287 Europaeque,

313 303 432 343 Troia
461 303 587 342 uirum
615 310 654 342 et
682 302 870 342 uirtutum
898 300 1076 340 omnium
1103 300 1246 340 acerba
1272 299 1382 348 cinis,
1524 314 1570 350 90

261 368 425 419 qualiter
452 375 491 407 et
520 374 653 406 nostro
681 368 803 405 letum
831 363 1051 404 miserabile
1078 363 1183 403 fratri

313 430 450 470 attulit.
508 430 544 470 ei
573 430 715 470 misero
743 431 857 468 frater
884 429 1068 479 adempte
1095 427 1203 475 mihi,

261 494 297 534 ei
326 494 468 534 misero
496 493 600 533 fratri
629 493 846 533 iucundum
873 493 1007 532 lumen
1034 492 1275 543 ademptum,

314 565 444 598 tecum
472 571 551 597 una
578 565 660 597 tota
687 564 746 597 est
774 563 906 597 nostra
933 556 1084 607 sepulta
1110 556 1264 602 domus,

259 622 393 661 omnia
419 629 549 662 tecum
577 634 656 661 una
683 621 877 672 perierunt
904 619 1046 671 gaudia
1071 626 1213 667 nostra,
1528 634 1570 668 95

314 699 414 738 quae
442 693 531 726 tuus
560 686 600 726 in
630 686 711 726 uita
738 685 864 726 dulcis
891 685 1020 725 alebat
1046 696 1166 723 amor.

261 763 379 801 quem
407 763 513 789 nunc
541 757 621 789 tam
649 751 766 800 longe
793 762 875 788 non
903 748 1003 787 inter
1029 755 1125 787 nota
1151 747 1329 798 sepulcra

313 827 387 854 nec
416 827 537 865 prope
565 821 752 865 cognatos
781 812 1044 864 compositum
1073 810 1222 858 cineris,

261 879 330 917 sed
358 877 477 917 Troia
504 878 687 925 obscena,
717 876 836 916 Troia
864 875 1018 915 infelice
1046 876 1241 926 sepultum

313 942 463 982 detinet
491 949 664 981 extremo
692 948 792 981 terra
819 940 947 980 aliena
974 941 1069 979 solo.
1510 953 1573 978 100

260 1007 312 1045 ad
340 1019 458 1056 quam
485 1012 570 1045 tum
597 1018 809 1057 properans
837 1005 955 1044 fertur
982 1003 1097 1043 simul
1126 1002 1302 1054 undique
1329 1002 1455 1053 pubes

315 1071 466 1110 Graeca
493 1069 701 1121 penetralis
729 1067 947 1109 deseruisse
974 1068 1095 1114 focos,

261 1147 311 1174 ne
339 1133 446 1172 Paris
473 1133 645 1173 abducta
671 1132 826 1184 gauisus
854 1131 975 1172 libera
1002 1131 1168 1172 moecha

314 1197 394 1237 otia
421 1203 561 1248 pacato
589 1197 747 1247 degeret
774 1195 815 1235 in
843 1196 1026 1235 thalamo.

261 1274 341 1312 quo
368 1261 440 1301 tibi
467 1267 551 1300 tum
579 1273 683 1308 casu,
714 1259 945 1311 pulcerrima
972 1257 1199 1307 Laudamia,
1512 1274 1573 1307 105

314 1332 491 1377 ereptum
519 1332 578 1365 est
605 1324 686 1365 uita
713 1323 866 1364 dulcius
893 1330 1012 1375 atque
1038 1322 1170 1363 anima

260 1388 510 1439 coniugium:
547 1395 657 1428 tanto
685 1395 723 1427 te
750 1388 965 1427 absorbens
993 1386 1138 1426 uertice
1164 1385 1307 1426 amoris

314 1460 443 1492 aestus
470 1452 512 1491 in
539 1452 750 1502 abruptum
778 1451 969 1491 detulerat
996 1451 1232 1498 barathrum,

261 1518 376 1568 quale
404 1518 531 1556 ferunt
560 1516 652 1556 Grai
682 1517 884 1555 Pheneum
913 1527 1035 1565 prope
1063 1514 1293 1564 Cylleneum

315 1580 459 1621 siccare
487 1581 636 1620 emulsa
663 1579 807 1631 pingue
835 1580 978 1630 palude
1006 1579 1144 1627 solum,
1514 1593 1574 1618 110

302 1694 347 1723 90
381 1683 511 1714 Nonius
541 1683 601 1722 198
631 1682 725 1714 einis
754 1681 917 1714 feminino
947 1680 1036 1723 apud
1066 1681 1245 1714 Caesarem
1277 1685 1311 1714 et
1340 1681 1509 1714 Catullum
1538 1687 1573 1714 et

262 1726 403 1758 Caluum
426 1726 548 1757 lectum
571 1730 634 1766 est,
659 1735 800 1765 quorum
823 1724 958 1757 uacillat
980 1725 1163 1757 auctoritas
1301 1734 1341 1765 91
1367 1724 1512 1765 qualiter
1538 1729 1573 1756 et

259 1770 372 1810 scripsi
392 1769 444 1809 (et
468 1768 620 1806 Cornish)
636 1779 645 1800 z
663 1778 730 1808 que
752 1772 845 1800 uetet
870 1769 997 1809 (uectet
1020 1767 1083 1799 La¹
1101 1771 1130 1799 et
1148 1767 1190 1807 Β,
1212 1766 1271 1799 sed
1287 1767 1337 1798 lu'c
1356 1767 1456 1798 altera
1471 1771 1484 1798 t
1495 1772 1572 1808 pru-

260 1811 357 1843 ducta
372 1812 406 1843 in
421 1812 553 1853 speciem
570 1811 601 1852 r)
614 1811 648 1843 id
664 1813 690 1842 Ω
703 1820 711 1841 2
737 1821 824 1851 quae
836 1815 932 1842 ueter
947 1811 980 1842 id
996 1809 1042 1843 ed.
1059 1809 1175 1842 Parm.
1197 1819 1279 1850 1473
1293 1820 1301 1842 :
1323 1820 1410 1850 quae
1421 1815 1573 1841 ueterum

261 1855 294 1886 id
325 1855 450 1895 Heyse:
495 1865 581 1894 quae
611 1853 704 1886 uelut
735 1854 783 1895 (id
815 1853 905 1894 Con„
937 1853 990 1885 his
1027 1852 1156 1894 Palm.)
1189 1852 1385 1895 Contington,
1422 1851 1574 1883 Eduinus

261 1897 416 1929 Palmer:
447 1907 577 1938 quaene
601 1897 702 1929 etiam
726 1897 891 1935 Heinsius,
917 1895 956 1930 G.
971 1895 1149 1927 Hermann
1167 1906 1175 1927 τ
1196 1905 1283 1936 quae
1300 1895 1355 1927 uel
1378 1895 1467 1927 idem
1483 1893 1572 1926 Mac-

261 1940 403 1981 naghten
499 1940 603 1972 frater
620 1938 789 1972 GOLa¹hz
813 1939 918 1971 frater
935 1938 979 1971 al.
1000 1938 1094 1970 fratri
1114 1937 1251 1970 BRVm
1378 1948 1422 1980 9a
1437 1939 1470 1969 ei
1486 1936 1573 1969 OD:

260 1983 316 2014 hei
332 1986 396 2015 cett.
411 1986 538 2024 praeter
548 1992 570 2014 a
585 1993 593 2014 ε
617 1983 683 2014 heu
699 1993 721 2014 a
797 1981 936 2022 frat—eter
953 1981 990 2022 G,
1009 1980 1099 2021 quod
1115 1985 1145 2012 et
1158 1981 1193 2013 in
1208 1980 1242 2012 R
1245 1980 1363 2021 ficerat
1487 1981 1574 2020 93·6

261 2029 434 2064 tamquam
459 2026 581 2057 im'uria
610 2026 754 2067 npetitos
776 2025 971 2066 ablegarunt
992 2024 1167 2065 Fmehlich,
1190 2023 1480 2064 Hoerscbelmann‚
1497 2022 1575 2055 Birt

260 2078 303 2109 93
326 2069 359 2100 ei
374 2068 420 2107 D,
437 2079 503 2100 non
521 2067 553 2099 Ο
637 2069 797 2109 adeptum
815 2066 981 2100 GORVen
1081 2068 1125 2107 98
1147 2066 1271 2099 cineris
1286 2069 1314 2098 Ω
1409 2076 1454 2107 99
1474 2070 1572 2106 troya

262 2135 269 2143 .
289 2135 297 2143 .
315 2135 323 2143 .
343 2116 442 2151 troya
471 2109 605 2142 BLa¹D
773 2119 830 2143 ror
857 2110 964 2142 sex-tur
985 2110 1065 2141 undi
1093 2119 1134 2141 ue
1165 2112 1191 2141 Ω
1299 2108 1399 2141 simul
1420 2107 1571 2140 addn'ttcm

260 2158 306 2186 est
327 2154 361 2186 in
384 2154 430 2186 ed.
455 2154 557 2194 antiq.
580 2164 659 2185 saec.
682 2164 728 2185 xv
839 2153 962 2185 circum
984 2153 1071 2184 male
1144 2151 1259 2194 Pn‘ptr
1359 2151 1446 2184 lecta
1464 2150 1570 2190 Eleia,

260 2196 401 2228 Skutsch
525 2206 587 2228 102
610 2197 692 2228 deos
707 2195 764 2228 Da
888 2205 949 2236 103
964 2205 1008 2227 ne
1025 2194 1089 2227 GD
1103 2205 1111 2227 :
1134 2204 1196 2227 nec
1207 2197 1235 2226 Ω
1354 2203 1415 2236 ¹⁰5
1434 2203 1500 2235 quo
1515 2193 1570 2226 12:

261 2240 350 2280 quod
367 2242 394 2270 Ω
489 2239 575 2280 tum]
590 2248 665 2271 cum
677 2239 706 2271 G
805 2238 974 2271 laudomin
989 2241 1016 2269 Ω
1030 2247 1040 2269 2
1070 2236 1234 2270 laodamia
1248 2247 1271 2270 a
1417 2247 1480 2277 109
1501 2236 1571 2269 sue-

261 2288 340 2314 runt
357 2281 385 2314 C
397 2294 405 2314 ε
426 2282 561 2322 suerunt
572 2281 601 2313 G
674 2282 843 2323 pheneum
857 2281 1046 2314 Ammius:
1073 2283 1255 2322 peneumn
1368 2289 1431 2313 tro
1443 2279 1570 2312 siccare

259 2324 439 2358 Schrader:
462 2325 579 2357 siccari
594 2327 621 2356 Ω
