1592 2664
1116 109 1359 150 CARMEN
1391 109 1470 148 LII

623 224 702 263 LII

141 290 254 339 va
283 297 352 338 est,
384 290 571 330 Catulle?
608 289 705 340 quid
734 287 895 328 moraris
924 285 1080 328 emori?

140 355 234 393 sella
262 353 302 393 in
331 353 480 393 curulei
509 355 665 393 Struma
694 352 851 392 Nonius
880 353 1003 400 sedet,

138 431 208 469 per
235 419 485 458 consulatum
514 417 680 469 perierat
708 417 914 457 Vatinius:

138 482 235 534 quid
263 490 333 532 est,
365 484 550 524 Catulle?
587 482 684 533 quid
714 482 875 523 moraris
904 481 1059 522 emori?

648 594 751 632 LIII

245 676 337 714 RIS1
367 674 502 714 nescio
530 686 652 725 quem
681 674 804 713 modo
831 687 854 713 e
882 686 1040 721 corona,

243 739 322 790 qui,
353 753 446 779 curn
475 738 639 778 mirifice
667 737 880 778 Vatiniana

243 817 355 844 meus
383 803 547 843 crimina
576 805 723 845 Caluos
752 803 995 855 explicasset,

241 869 440 909 admirans
468 868 522 908 ait
551 870 650 909 haec
679 882 899 920 manusque
928 870 1082 918 tollens,

245 933 308 974 ‘di
337 933 480 986 magni,
511 934 748 986 salaputium
777 933 968 974 disertum
985 935 1015 974 l’
1445 949 1465 983 5

642 1045 739 1083 LIV

241 1126 437 1166 Omoms
466 1131 586 1176 caput
614 1124 764 1176 oppido
793 1132 852 1165 est
880 1125 1079 1176 pusillum,

240 1194 309 1232 'ret
339 1190 468 1231 Heri†
497 1190 652 1238 rustice,
683 1190 890 1230 semilauta
918 1204 1040 1238 crura,

239 1255 383 1295 subtile
412 1263 451 1294 et
479 1256 566 1294 leue
595 1255 773 1306 peditum
804 1255 981 1295 Libonis.

176 1358 237 1391 LII
263 1368 300 1391 IN
317 1368 452 1391 ΝονῐνΜ
464 1362 490 1390 Ω
506 1370 513 1390 :
537 1358 684 1400 spatium
695 1360 796 1390 unius
805 1368 920 1390 uersus
930 1359 965 1390 in
977 1358 1008 1390 Ο
1115 1368 1142 1398 1,
1156 1369 1175 1398 4
1192 1359 1298 1391 emori
1310 1363 1353 1399 p:
1374 1360 1461 1391 mori

132 1405 159 1434 Ω
283 1414 303 1434 2
327 1403 444 1434 curulu
464 1401 514 1433 O:
539 1402 645 1434 curuli
661 1405 725 1434 cett.
816 1406 945 1434 struma
961 1405 988 1433 Ω
1004 1413 1011 1432 :
1036 1402 1148 1433 scrofa
1165 1401 1254 1434 Mar.
1277 1402 1460 1435 Victorinus

134 1455 194 1486 174
213 1445 370 1487 Gaisford
434 1446 567 1478 Nonius
578 1445 665 1476 Plin.
677 1445 725 1477 H.
738 1444 781 1477 N.
796 1445 922 1478 xxxvii.
939 1446 992 1486 81,
1004 1445 1093 1478 Boet.
1107 1445 1145 1476 de
1159 1445 1255 1477 Cous.
1269 1445 1456 1487 Philosoph.

132 1489 176 1521 iii.
201 1500 231 1529 4,
260 1489 348 1522 Mar.
380 1488 564 1521 Victorinus
592 1499 667 1529 174,
694 1488 774 1521 Atil.
800 1489 1065 1521 Fortunatianus
1091 1498 1156 1528 314
1184 1489 1286 1529 Gaisf.
1302 1500 1310 1521 t
1338 1491 1460 1522 nouius

132 1533 256 1573 (nouus
278 1533 353 1575 Aa)
377 1532 493 1564 codices
516 1532 640 1564 Catulli
853 1542 874 1573 3
897 1533 1045 1573 perierat
1071 1531 1313 1573 GOWnBLae,
1328 1533 1460 1565 Vsener:

130 1576 276 1616 perierat
292 1577 347 1608 R:
371 1577 503 1617 peierat
518 1575 552 1607 A
558 1575 642 1608 CDa
716 1575 873 1608 Vatinius
891 1576 958 1608 OD
1032 1586 1104 1608 uae.
1127 1576 1190 1607 GR
1197 1575 1261 1608 Ven
1278 1579 1308 1607 et
1316 1576 1461 1619 plerique

174 1619 253 1651 LIII
276 1630 354 1651 cum
367 1619 440 1651 LII
451 1620 645 1652 continuant
660 1622 687 1650 Ω
702 1631 709 1650 :
740 1619 949 1651 interstitium
972 1620 1072 1651 unius
1089 1629 1205 1651 uersus
1223 1620 1258 1650 in
1276 1620 1308 1651 Ο
1442 1631 1456 1652 1

129 1673 149 1695 e
171 1668 224 1705 ap,
251 1663 372 1705 uulgo:
404 1668 439 1696 et
463 1667 514 1695 n:
546 1673 585 1695 ec
611 1663 664 1694 uel
684 1673 728 1694 ex
748 1662 916 1695 Baehrens
1047 1673 1067 1694 2
1091 1673 1164 1696 uae.
1186 1662 1349 1695 GACVen
1367 1663 1458 1695 Lau-

130 1708 269 1739 rentiani
279 1711 310 1739 et
321 1707 354 1739 Β
369 1718 414 1739 m.
425 1712 480 1748 pr.
587 1717 608 1747 3
631 1716 727 1738 meos
743 1710 769 1737 Ω
858 1707 999 1738 crimina
1010 1706 1051 1738 al.
1067 1706 1215 1738 carmina
1234 1706 1264 1738 G
1279 1717 1287 1738 :
1310 1707 1459 1739 carmina

128 1749 254 1782 DaVen
370 1762 391 1791 4
412 1751 560 1783 amirans
578 1751 610 1783 Ο
697 1760 885 1790 manusque
901 1750 942 1782 al.
960 1750 1095 1781 inanius
1110 1749 1214 1781 RVen
1325 1761 1345 1791 5
1370 1751 1414 1782 dii
1430 1754 1458 1782 Ω

128 1793 350 1833 salapantium
366 1795 538 1826 desertum
551 1797 578 1825 Ω
593 1805 601 1825 :
625 1793 838 1826 salasantium
853 1793 920 1826 cod.
933 1793 1161 1825 Ashburncri:
1183 1793 1345 1835 salap(pp
1359 1793 1456 1836 Carp.

127 1840 159 1868 et
175 1837 261 1869 Bon.
281 1837 383 1879 2744)
400 1838 505 1869 utium
522 1837 621 1877 Phia,
638 1837 749 1879 Carp„
760 1838 845 1870 Bon.
861 1848 966 1877 2744:
984 1836 1200 1877 salaputtium
1213 1836 1311 1869 codex
1320 1836 1458 1869 Bruxel-

127 1879 225 1912 lensis
244 1880 382 1912 Senecae
401 1881 556 1913 Controu.
578 1881 631 1913 vii.
651 1891 703 1921 19,
722 1886 757 1922 p.
778 1892 839 1912 211
865 1881 1014 1912 Bursian
1103 1881 1266 1912 disertum
1287 1879 1407 1913 Seneca
1430 1886 1460 1913 et

127 1923 172 1954 sic
193 1923 249 1956 Da
294 1923 356 1955 Ad
375 1925 563 1966 marginem
585 1935 619 1956 u.
636 1934 656 1965 5
673 1924 873 1966 adscriptum
893 1928 940 1956 est
958 1925 993 1955 in
1017 1923 1112 1955 GRC
1132 1925 1175 1956 de
1195 1924 1345 1956 Othonis
1363 1924 1457 1967 (Oct.

130 1966 168 2007 G,
186 1971 247 1999 ott.
266 1967 314 2008 R)
333 1968 445 2008 capite
461 1967 552 2008 quod
565 1967 650 1999 idem
667 1968 751 1999 inter
765 1979 797 2001 u.
816 1980 836 2008 4
852 1972 883 2000 et
896 1978 916 2007 5
932 1968 1051 1999 habent
1062 1967 1193 1999 ΑΒΙΛι1
1203 1967 1268 1999 Ven
1278 1967 1324 1999 ah

173 2010 250 2042 LIV
275 2021 290 2042 1
316 2011 439 2043 Otonis
457 2011 648 2042 GORVen:
671 2012 814 2043 Octonis
829 2010 966 2043 BLa'D
1073 2012 1174 2051 apido
1193 2011 1245 2043 O:
1269 2010 1372 2052 opido
1388 2012 1458 2043 AG

127 2058 179 2085 est
215 2059 376 2095 suprascr.
410 2054 505 2085 habet
529 2055 557 2086 C
585 2055 748 2087 recentiore
777 2059 975 2092 atramento,
1008 2065 1073 2087 om.
1107 2054 1261 2096 Scaliger,
1289 2053 1453 2096 Schwabe,

127 2096 275 2136 Schulze,
287 2097 440 2129 Schmidt
531 2098 657 2139 oppido
674 2102 726 2130 est
738 2108 771 2139 p.
785 2099 994 2140 parenthesin
1001 2098 1147 2138 faciebat
1164 2099 1290 2130 Munro
1377 2099 1460 2130 Post

126 2140 216 2172 hunc
230 2151 262 2173 u.
280 2145 436 2172 secuntur
450 2141 485 2173 in
509 2141 599 2173 codd.
616 2141 684 2173 duo
706 2152 819 2173 uersus
843 2142 920 2174 Hoc
937 2143 1083 2174 iocunde
1104 2142 1164 2174 tibi
1183 2152 1303 2182 poema
1321 2142 1386 2175 feci
1404 2143 1456 2174 Ex

126 2194 193 2224 quo
206 2184 418 2225 perspiceres
433 2195 546 2216 meum
562 2185 711 2216 dolorem
728 2196 767 2216 ex
778 2185 917 2226 L216‚17
932 2186 1051 2227 repetiti
1135 2196 1156 2217 2
1172 2190 1208 2217 et
1223 2186 1272 2217 eri
1285 2185 1334 2218 0:
1360 2191 1394 2218 et
1406 2187 1456 2218 eri

127 2227 302 2269 (suprascr.
317 2227 354 2268 h)
368 2227 397 2259 G
405 2239 413 2260 :
428 2233 463 2259 et
473 2228 547 2260 heri
557 2228 592 2259 R
599 2227 794 2261 VenACDa:
813 2234 848 2261 et
857 2229 930 2260 beri
939 2228 1056 2260 BLa¹:
1074 2229 1161 2261 Heri
1171 2229 1345 2263 Muretus:
1362 2229 1455 2262 Vetti

131 2269 233 2303 Voss:
264 2271 347 2303 Neri
363 2270 404 2304 L.
422 2271 574 2303 Mueller:
590 2271 693 2303 Thori
707 2271 841 2313 Peiper:
873 2272 969 2304 Hirri
984 2283 1042 2315 ego
1055 2276 1086 2304 et
1098 2274 1136 2305 F.
1156 2273 1307 2315 Hermes,
1327 2273 1364 2313 cf.
1387 2271 1461 2306 Gir-i

120 2318 156 2356 p.
173 2315 233 2346 188
321 2314 446 2346 rustica
466 2315 654 2347 Turnebus:
679 2320 714 2347 et
729 2316 899 2348 tritustice
915 2316 1039 2348 Munm
1165 2317 1248 2348 Post
1263 2327 1284 2358 3
1308 2318 1461 2348 reuocaui

127 2368 261 2390 uersum
273 2358 429 2399 quiex-tat
436 2358 531 2399 apud
538 2358 794 2400 Porphyrionem
810 2359 858 2391 ad
864 2358 949 2392 Hor.
965 2359 999 2392 C.
1016 2361 1036 2392 i.
1054 2361 1102 2393 16.
1118 2370 1160 2392 22
1175 2360 1330 2402 Denique
1341 2361 1455 2393 Catul-

127 2402 180 2434 lus
195 2412 270 2434 cum
287 2401 465 2434 maledicta
481 2402 668 2435 minaretur
683 2402 732 2435 sic
747 2404 814 2436 ait:
837 2402 884 2435 At
900 2414 968 2435 non
985 2403 1126 2445 effugies
1143 2415 1236 2437 meos
1254 2404 1382 2436 iambos
