<?xml version="1.0" encoding="UTF-8"?>
<!DOCTYPE html PUBLIC "-//W3C//DTD XHTML 1.0 Transitional//EN"
    "http://www.w3.org/TR/xhtml1/DTD/xhtml1-transitional.dtd">
<html xmlns="http://www.w3.org/1999/xhtml" xml:lang="en" lang="en">
 <head>
  <title>
</title>
<meta http-equiv="Content-Type" content="text/html;charset=utf-8" />
  <meta name='ocr-system' content='tesseract 3.04.00' />
  <meta name='ocr-capabilities' content='ocr_page ocr_carea ocr_par ocr_line ocrx_word'/>
</head>
<body>
  <div class='ocr_page' id='page_1' title='image "./carminarecognovi00catuuoft_0073.png"; bbox 0 0 1650 2684; ppageno 0'>
   <div class='ocr_carea' id='block_1_1' title="bbox 0 2114 28 2684">
    <p class='ocr_par' dir='ltr' id='par_1_1' title="bbox 0 2114 28 2684">
     <span class='ocr_line' id='line_1_1' title="bbox 0 2114 28 2684; baseline 0 0"><span class='ocrx_word' id='word_1_1' title='bbox 0 2114 28 2684; x_wconf 95' lang='lat' dir='ltr'> </span> 
     </span>
    </p>
   </div>
   <div class='ocr_carea' id='block_1_2' title="bbox 1037 104 1430 146">
    <p class='ocr_par' dir='ltr' id='par_1_2' title="bbox 1037 104 1430 146">
     <span class='ocr_line' id='line_1_2' title="bbox 1037 104 1430 146; baseline -0.005 0"><span class='ocrx_word' id='word_1_2' title='bbox 1037 104 1280 146; x_wconf 91' lang='lat' dir='ltr'><strong>CARMEN</strong></span> <span class='ocrx_word' id='word_1_3' title='bbox 1310 104 1430 144; x_wconf 92' lang='lat' dir='ltr'>LXII</span> 
     </span>
    </p>
   </div>
   <div class='ocr_carea' id='block_1_3' title="bbox 103 218 1256 405">
    <p class='ocr_par' dir='ltr' id='par_1_3' title="bbox 103 218 1256 405">
     <span class='ocr_line' id='line_1_3' title="bbox 104 218 1086 272; baseline -0.009 -7"><span class='ocrx_word' id='word_1_4' title='bbox 104 237 196 266; x_wconf 89' lang='lat' dir='ltr'>cum</span> <span class='ocrx_word' id='word_1_5' title='bbox 223 228 376 263; x_wconf 87' lang='lat' dir='ltr'>castum</span> <span class='ocrx_word' id='word_1_6' title='bbox 403 219 534 261; x_wconf 90' lang='lat' dir='ltr'>amisit</span> <span class='ocrx_word' id='word_1_7' title='bbox 562 220 717 272; x_wconf 88' lang='lat' dir='ltr'>polluto</span> <span class='ocrx_word' id='word_1_8' title='bbox 744 231 910 270; x_wconf 88' lang='lat' dir='ltr'>corpore</span> <span class='ocrx_word' id='word_1_9' title='bbox 937 218 1086 265; x_wconf 88' lang='lat' dir='ltr'>florem,</span> 
     </span>
     <span class='ocr_line' id='line_1_4' title="bbox 103 281 1116 340; baseline -0.008 -11"><span class='ocrx_word' id='word_1_10' title='bbox 103 301 179 329; x_wconf 89' lang='lat' dir='ltr'>nec</span> <span class='ocrx_word' id='word_1_11' title='bbox 205 286 336 340; x_wconf 88' lang='lat' dir='ltr'>pueris</span> <span class='ocrx_word' id='word_1_12' title='bbox 364 285 539 325; x_wconf 89' lang='lat' dir='ltr'>iucunda</span> <span class='ocrx_word' id='word_1_13' title='bbox 568 291 713 332; x_wconf 89' lang='lat' dir='ltr'>manet,</span> <span class='ocrx_word' id='word_1_14' title='bbox 743 297 819 324; x_wconf 91' lang='lat' dir='ltr'>nec</span> <span class='ocrx_word' id='word_1_15' title='bbox 847 295 937 323; x_wconf 88' lang='lat' dir='ltr'>cara</span> <span class='ocrx_word' id='word_1_16' title='bbox 964 281 1116 334; x_wconf 89' lang='lat' dir='ltr'><strong>puellis.</strong></span> 
     </span>
     <span class='ocr_line' id='line_1_5' title="bbox 105 348 1256 405; baseline -0.006 -12"><span class='ocrx_word' id='word_1_17' title='bbox 105 355 266 405; x_wconf 88' lang='lat' dir='ltr'>Hymen</span> <span class='ocrx_word' id='word_1_18' title='bbox 295 364 321 391; x_wconf 93' lang='lat'><em>0</em></span> <span class='ocrx_word' id='word_1_19' title='bbox 350 352 595 402; x_wconf 86' lang='lat' dir='ltr'>Hymenaee,</span> <span class='ocrx_word' id='word_1_20' title='bbox 628 351 792 401; x_wconf 89' lang='lat' dir='ltr'>Hymen</span> <span class='ocrx_word' id='word_1_21' title='bbox 819 349 915 389; x_wconf 86' lang='lat' dir='ltr'>ades</span> <span class='ocrx_word' id='word_1_22' title='bbox 943 361 969 388; x_wconf 95' lang='lat' dir='ltr'>o</span> <span class='ocrx_word' id='word_1_23' title='bbox 997 348 1256 399; x_wconf 86' lang='lat' dir='ltr'>Hymenaee!</span> 
     </span>
    </p>
   </div>
   <div class='ocr_carea' id='block_1_4' title="bbox 652 459 831 487">
    <p class='ocr_par' dir='ltr' id='par_1_4' title="bbox 652 459 831 487">
     <span class='ocr_line' id='line_1_6' title="bbox 652 459 831 487; baseline -0.006 0"><span class='ocrx_word' id='word_1_24' title='bbox 652 459 831 487; x_wconf 88' lang='lat' dir='ltr'>lVVENES</span> 
     </span>
    </p>
   </div>
   <div class='ocr_carea' id='block_1_5' title="bbox 103 517 1434 1156">
    <p class='ocr_par' dir='ltr' id='par_1_5' title="bbox 104 517 1103 570">
     <span class='ocr_line' id='line_1_7' title="bbox 104 517 1103 570; baseline -0.006 -7"><span class='ocrx_word' id='word_1_25' title='bbox 104 525 159 563; x_wconf 90' lang='lat' dir='ltr'>Vt</span> <span class='ocrx_word' id='word_1_26' title='bbox 185 522 307 563; x_wconf 91' lang='lat' dir='ltr'>uidua</span> <span class='ocrx_word' id='word_1_27' title='bbox 334 520 376 560; x_wconf 91' lang='lat' dir='ltr'>in</span> <span class='ocrx_word' id='word_1_28' title='bbox 404 521 515 560; x_wconf 92' lang='lat' dir='ltr'>nudo</span> <span class='ocrx_word' id='word_1_29' title='bbox 544 519 636 560; x_wconf 89' lang='lat' dir='ltr'>uitis</span> <span class='ocrx_word' id='word_1_30' title='bbox 665 533 768 570; x_wconf 89' lang='lat' dir='ltr'>quae</span> <span class='ocrx_word' id='word_1_31' title='bbox 795 517 968 558; x_wconf 87' lang='lat' dir='ltr'>nascitur</span> <span class='ocrx_word' id='word_1_32' title='bbox 995 530 1103 566; x_wconf 84' lang='lat' dir='ltr'>aruo,</span> 
     </span>
    </p>

    <p class='ocr_par' dir='ltr' id='par_1_6' title="bbox 104 582 1434 701">
     <span class='ocr_line' id='line_1_8' title="bbox 104 582 1434 638; baseline -0.005 -11"><span class='ocrx_word' id='word_1_33' title='bbox 104 599 321 638; x_wconf 88' lang='lat' dir='ltr'>numquam</span> <span class='ocrx_word' id='word_1_34' title='bbox 349 598 392 625; x_wconf 92' lang='lat' dir='ltr'>se</span> <span class='ocrx_word' id='word_1_35' title='bbox 419 584 582 632; x_wconf 87' lang='lat' dir='ltr'>extollit,</span> <span class='ocrx_word' id='word_1_36' title='bbox 613 596 832 634; x_wconf 84' lang='lat' dir='ltr'>numquam</span> <span class='ocrx_word' id='word_1_37' title='bbox 861 582 999 622; x_wconf 92' lang='lat' dir='ltr'>mitem</span> <span class='ocrx_word' id='word_1_38' title='bbox 1028 583 1171 622; x_wconf 88' lang='lat' dir='ltr'>educat</span> <span class='ocrx_word' id='word_1_39' title='bbox 1200 594 1332 630; x_wconf 90' lang='lat' dir='ltr'>uuam,</span> <span class='ocrx_word' id='word_1_40' title='bbox 1390 596 1434 629; x_wconf 83' lang='lat'>50</span> 
     </span>
     <span class='ocr_line' id='line_1_9' title="bbox 104 648 1170 701; baseline -0.006 -9"><span class='ocrx_word' id='word_1_41' title='bbox 104 653 175 692; x_wconf 89' lang='lat' dir='ltr'>sed</span> <span class='ocrx_word' id='word_1_42' title='bbox 202 658 381 691; x_wconf 89' lang='lat' dir='ltr'>tenerum</span> <span class='ocrx_word' id='word_1_43' title='bbox 410 662 537 701; x_wconf 88' lang='lat' dir='ltr'>prono</span> <span class='ocrx_word' id='word_1_44' title='bbox 565 649 782 689; x_wconf 90' lang='lat' dir='ltr'>deflectens</span> <span class='ocrx_word' id='word_1_45' title='bbox 810 648 988 699; x_wconf 87' lang='lat' dir='ltr'>pondere</span> <span class='ocrx_word' id='word_1_46' title='bbox 1015 660 1170 699; x_wconf 90' lang='lat' dir='ltr'>corpus,</span> 
     </span>
    </p>

    <p class='ocr_par' dir='ltr' id='par_1_7' title="bbox 103 713 1137 766">
     <span class='ocr_line' id='line_1_10' title="bbox 103 713 1137 766; baseline -0.005 -9"><span class='ocrx_word' id='word_1_47' title='bbox 103 717 182 757; x_wconf 85' lang='lat' dir='ltr'>iam</span> <span class='ocrx_word' id='word_1_48' title='bbox 209 715 288 756; x_wconf 86' lang='lat' dir='ltr'>iam</span> <span class='ocrx_word' id='word_1_49' title='bbox 316 714 510 766; x_wconf 91' lang='lat' dir='ltr'>contingit</span> <span class='ocrx_word' id='word_1_50' title='bbox 538 727 737 754; x_wconf 89' lang='lat' dir='ltr'>summum</span> <span class='ocrx_word' id='word_1_51' title='bbox 767 713 899 753; x_wconf 87' lang='lat' dir='ltr'>radice</span> <span class='ocrx_word' id='word_1_52' title='bbox 927 714 1137 764; x_wconf 88' lang='lat' dir='ltr'>flagellum,</span> 
     </span>
    </p>

    <p class='ocr_par' dir='ltr' id='par_1_8' title="bbox 105 777 1090 832">
     <span class='ocr_line' id='line_1_11' title="bbox 105 777 1090 832; baseline -0.004 -11"><span class='ocrx_word' id='word_1_53' title='bbox 105 784 206 822; x_wconf 83' lang='lat' dir='ltr'>hanc</span> <span class='ocrx_word' id='word_1_54' title='bbox 234 780 331 820; x_wconf 91' lang='lat' dir='ltr'>nulli</span> <span class='ocrx_word' id='word_1_55' title='bbox 359 780 564 832; x_wconf 86' lang='lat' dir='ltr'>agricolae,</span> <span class='ocrx_word' id='word_1_56' title='bbox 595 779 692 819; x_wconf 89' lang='lat' dir='ltr'>nulli</span> <span class='ocrx_word' id='word_1_57' title='bbox 721 780 878 819; x_wconf 90' lang='lat' dir='ltr'>coluere</span> <span class='ocrx_word' id='word_1_58' title='bbox 906 777 1090 818; x_wconf 90' lang='lat' dir='ltr'>iuuenci:</span> 
     </span>
    </p>

    <p class='ocr_par' dir='ltr' id='par_1_9' title="bbox 104 842 1150 891">
     <span class='ocr_line' id='line_1_12' title="bbox 104 842 1150 891; baseline -0.004 -5"><span class='ocrx_word' id='word_1_59' title='bbox 104 854 144 887; x_wconf 86' lang='lat' dir='ltr'>at</span> <span class='ocrx_word' id='word_1_60' title='bbox 171 846 203 886; x_wconf 89' lang='lat' dir='ltr'>si</span> <span class='ocrx_word' id='word_1_61' title='bbox 231 847 331 886; x_wconf 87' lang='lat' dir='ltr'>forte</span> <span class='ocrx_word' id='word_1_62' title='bbox 358 846 500 885; x_wconf 86' lang='lat' dir='ltr'>eadem</span> <span class='ocrx_word' id='word_1_63' title='bbox 528 852 588 884; x_wconf 90' lang='lat' dir='ltr'>est</span> <span class='ocrx_word' id='word_1_64' title='bbox 616 846 726 884; x_wconf 92' lang='lat' dir='ltr'>ulmo</span> <span class='ocrx_word' id='word_1_65' title='bbox 755 843 970 884; x_wconf 87' lang='lat' dir='ltr'>coniuncta</span> <span class='ocrx_word' id='word_1_66' title='bbox 997 842 1150 891; x_wconf 89' lang='lat' dir='ltr'>marito,</span> 
     </span>
    </p>

    <p class='ocr_par' dir='ltr' id='par_1_10' title="bbox 104 907 1431 1026">
     <span class='ocr_line' id='line_1_13' title="bbox 104 907 1431 962; baseline -0.004 -11"><span class='ocrx_word' id='word_1_67' title='bbox 104 911 217 952; x_wconf 89' lang='lat' dir='ltr'>multi</span> <span class='ocrx_word' id='word_1_68' title='bbox 243 910 350 950; x_wconf 90' lang='lat' dir='ltr'>illam</span> <span class='ocrx_word' id='word_1_69' title='bbox 378 910 586 962; x_wconf 87' lang='lat' dir='ltr'>agricolae,</span> <span class='ocrx_word' id='word_1_70' title='bbox 615 909 728 949; x_wconf 90' lang='lat' dir='ltr'>multi</span> <span class='ocrx_word' id='word_1_71' title='bbox 756 910 962 948; x_wconf 87' lang='lat' dir='ltr'>accoluere</span> <span class='ocrx_word' id='word_1_72' title='bbox 990 907 1174 947; x_wconf 89' lang='lat' dir='ltr'>iuuenci:</span> <span class='ocrx_word' id='word_1_73' title='bbox 1391 923 1431 955; x_wconf 85' lang='lat'>55</span> 
     </span>
     <span class='ocr_line' id='line_1_14' title="bbox 105 971 1303 1026; baseline -0.003 -11"><span class='ocrx_word' id='word_1_74' title='bbox 105 975 161 1016; x_wconf 89' lang='lat' dir='ltr'>sic</span> <span class='ocrx_word' id='word_1_75' title='bbox 187 975 298 1026; x_wconf 87' lang='lat' dir='ltr'>uirgo</span> <span class='ocrx_word' id='word_1_76' title='bbox 325 975 423 1015; x_wconf 90' lang='lat' dir='ltr'>dum</span> <span class='ocrx_word' id='word_1_77' title='bbox 451 974 599 1014; x_wconf 86' lang='lat' dir='ltr'>intacta</span> <span class='ocrx_word' id='word_1_78' title='bbox 627 980 773 1021; x_wconf 88' lang='lat' dir='ltr'>manet,</span> <span class='ocrx_word' id='word_1_79' title='bbox 804 974 902 1013; x_wconf 90' lang='lat' dir='ltr'>dum</span> <span class='ocrx_word' id='word_1_80' title='bbox 930 972 1080 1012; x_wconf 89' lang='lat' dir='ltr'>inculta</span> <span class='ocrx_word' id='word_1_81' title='bbox 1107 971 1303 1021; x_wconf 71' lang='lat' dir='ltr'>senescit,</span> 
     </span>
    </p>

    <p class='ocr_par' dir='ltr' id='par_1_11' title="bbox 105 1038 1202 1092">
     <span class='ocr_line' id='line_1_15' title="bbox 105 1038 1202 1092; baseline -0.003 -12"><span class='ocrx_word' id='word_1_82' title='bbox 105 1053 196 1080; x_wconf 89' lang='lat' dir='ltr'>cum</span> <span class='ocrx_word' id='word_1_83' title='bbox 223 1053 293 1092; x_wconf 89' lang='lat' dir='ltr'>par</span> <span class='ocrx_word' id='word_1_84' title='bbox 319 1038 538 1079; x_wconf 88' lang='lat' dir='ltr'>conubium</span> <span class='ocrx_word' id='word_1_85' title='bbox 566 1045 721 1079; x_wconf 90' lang='lat' dir='ltr'>maturo</span> <span class='ocrx_word' id='word_1_86' title='bbox 750 1045 930 1090; x_wconf 85' lang='lat' dir='ltr'>tempore</span> <span class='ocrx_word' id='word_1_87' title='bbox 957 1038 1104 1089; x_wconf 88' lang='lat' dir='ltr'>adepta</span> <span class='ocrx_word' id='word_1_88' title='bbox 1131 1044 1202 1086; x_wconf 91' lang='lat' dir='ltr'>est,</span> 
     </span>
    </p>

    <p class='ocr_par' dir='ltr' id='par_1_12' title="bbox 105 1102 1120 1156">
     <span class='ocr_line' id='line_1_16' title="bbox 105 1102 1120 1156; baseline -0.004 -10"><span class='ocrx_word' id='word_1_89' title='bbox 105 1118 193 1146; x_wconf 87' lang='lat' dir='ltr'>cara</span> <span class='ocrx_word' id='word_1_90' title='bbox 220 1104 305 1144; x_wconf 93' lang='lat' dir='ltr'>uiro</span> <span class='ocrx_word' id='word_1_91' title='bbox 334 1103 457 1156; x_wconf 87' lang='lat' dir='ltr'>magis</span> <span class='ocrx_word' id='word_1_92' title='bbox 485 1111 525 1144; x_wconf 88' lang='lat' dir='ltr'>et</span> <span class='ocrx_word' id='word_1_93' title='bbox 553 1103 684 1144; x_wconf 90' lang='lat' dir='ltr'>minus</span> <span class='ocrx_word' id='word_1_94' title='bbox 713 1110 772 1143; x_wconf 90' lang='lat' dir='ltr'>est</span> <span class='ocrx_word' id='word_1_95' title='bbox 800 1102 929 1143; x_wconf 87' lang='lat' dir='ltr'>inuisa</span> <span class='ocrx_word' id='word_1_96' title='bbox 956 1102 1120 1154; x_wconf 89' lang='lat' dir='ltr'>parenti.</span> 
     </span>
    </p>
   </div>
   <div class='ocr_carea' id='block_1_6' title="bbox 105 1213 1435 1397">
    <p class='ocr_par' dir='ltr' id='par_1_13' title="bbox 105 1213 1435 1397">
     <span class='ocr_line' id='line_1_17' title="bbox 105 1213 1018 1266; baseline -0.002 -11"><span class='ocrx_word' id='word_1_97' title='bbox 105 1222 144 1255; x_wconf 93' lang='lat' dir='ltr'>et</span> <span class='ocrx_word' id='word_1_98' title='bbox 171 1222 214 1255; x_wconf 92' lang='lat' dir='ltr'>tu</span> <span class='ocrx_word' id='word_1_99' title='bbox 241 1227 293 1254; x_wconf 90' lang='lat' dir='ltr'>ne</span> <span class='ocrx_word' id='word_1_100' title='bbox 321 1227 453 1266; x_wconf 87' lang='lat' dir='ltr'>pugna</span> <span class='ocrx_word' id='word_1_101' title='bbox 480 1227 572 1253; x_wconf 91' lang='lat' dir='ltr'>cum</span> <span class='ocrx_word' id='word_1_102' title='bbox 601 1213 670 1253; x_wconf 82' lang='lat' dir='ltr'>tali</span> <span class='ocrx_word' id='word_1_103' title='bbox 698 1213 867 1265; x_wconf 90' lang='lat' dir='ltr'>coniuge</span> <span class='ocrx_word' id='word_1_104' title='bbox 894 1213 1018 1265; x_wconf 91' lang='lat' dir='ltr'>uirgo,</span> 
     </span>
     <span class='ocr_line' id='line_1_18' title="bbox 105 1277 1435 1331; baseline -0.002 -12"><span class='ocrx_word' id='word_1_105' title='bbox 105 1293 187 1320; x_wconf 88' lang='lat' dir='ltr'>non</span> <span class='ocrx_word' id='word_1_106' title='bbox 213 1292 384 1331; x_wconf 88' lang='lat' dir='ltr'>aequom</span> <span class='ocrx_word' id='word_1_107' title='bbox 414 1286 473 1319; x_wconf 88' lang='lat' dir='ltr'>est</span> <span class='ocrx_word' id='word_1_108' title='bbox 501 1292 687 1330; x_wconf 87' lang='lat' dir='ltr'>pugnare,</span> <span class='ocrx_word' id='word_1_109' title='bbox 718 1286 829 1330; x_wconf 89' lang='lat' dir='ltr'>pater</span> <span class='ocrx_word' id='word_1_110' title='bbox 858 1278 923 1318; x_wconf 89' lang='lat' dir='ltr'>cui</span> <span class='ocrx_word' id='word_1_111' title='bbox 951 1277 1114 1318; x_wconf 87' lang='lat' dir='ltr'>tradidit</span> <span class='ocrx_word' id='word_1_112' title='bbox 1141 1278 1236 1330; x_wconf 90' lang='lat' dir='ltr'>ipse.</span> <span class='ocrx_word' id='word_1_113' title='bbox 1390 1284 1435 1317; x_wconf 88' lang='lat'>60</span> 
     </span>
     <span class='ocr_line' id='line_1_19' title="bbox 105 1344 1242 1397; baseline -0.002 -13"><span class='ocrx_word' id='word_1_114' title='bbox 105 1345 189 1397; x_wconf 90' lang='lat' dir='ltr'>ipse</span> <span class='ocrx_word' id='word_1_115' title='bbox 216 1351 326 1397; x_wconf 89' lang='lat' dir='ltr'>pater</span> <span class='ocrx_word' id='word_1_116' title='bbox 353 1357 445 1384; x_wconf 88' lang='lat' dir='ltr'>curn</span> <span class='ocrx_word' id='word_1_117' title='bbox 474 1351 608 1393; x_wconf 89' lang='lat' dir='ltr'>matre,</span> <span class='ocrx_word' id='word_1_118' title='bbox 640 1344 785 1396; x_wconf 88' lang='lat' dir='ltr'>quibus</span> <span class='ocrx_word' id='word_1_119' title='bbox 813 1357 950 1396; x_wconf 91' lang='lat' dir='ltr'>parere</span> <span class='ocrx_word' id='word_1_120' title='bbox 978 1357 1141 1384; x_wconf 91' lang='lat' dir='ltr'>necesse</span> <span class='ocrx_word' id='word_1_121' title='bbox 1169 1350 1242 1383; x_wconf 89' lang='lat' dir='ltr'>est.</span> 
     </span>
    </p>
   </div>
   <div class='ocr_carea' id='block_1_7' title="bbox 106 1473 1273 1590">
    <p class='ocr_par' dir='ltr' id='par_1_14' title="bbox 106 1473 1273 1590">
     <span class='ocr_line' id='line_1_20' title="bbox 106 1473 1273 1526; baseline -0.002 -12"><span class='ocrx_word' id='word_1_122' title='bbox 106 1473 305 1526; x_wconf 88' lang='lat' dir='ltr'>uirginitas</span> <span class='ocrx_word' id='word_1_123' title='bbox 333 1487 415 1513; x_wconf 88' lang='lat' dir='ltr'>non</span> <span class='ocrx_word' id='word_1_124' title='bbox 443 1481 528 1514; x_wconf 91' lang='lat' dir='ltr'>tota</span> <span class='ocrx_word' id='word_1_125' title='bbox 555 1481 623 1513; x_wconf 84' lang='lat' dir='ltr'>tua</span> <span class='ocrx_word' id='word_1_126' title='bbox 651 1481 721 1522; x_wconf 90' lang='lat' dir='ltr'>est,</span> <span class='ocrx_word' id='word_1_127' title='bbox 752 1487 800 1513; x_wconf 88' lang='lat' dir='ltr'>ex</span> <span class='ocrx_word' id='word_1_128' title='bbox 827 1480 937 1525; x_wconf 86' lang='lat' dir='ltr'>parte</span> <span class='ocrx_word' id='word_1_129' title='bbox 965 1480 1173 1525; x_wconf 87' lang='lat' dir='ltr'>parentum</span> <span class='ocrx_word' id='word_1_130' title='bbox 1203 1479 1273 1520; x_wconf 90' lang='lat' dir='ltr'>est,</span> 
     </span>
     <span class='ocr_line' id='line_1_21' title="bbox 106 1537 1135 1590; baseline -0.001 -12"><span class='ocrx_word' id='word_1_131' title='bbox 106 1538 218 1579; x_wconf 87' lang='lat' dir='ltr'>tertia</span> <span class='ocrx_word' id='word_1_132' title='bbox 245 1551 334 1590; x_wconf 88' lang='lat' dir='ltr'>pars</span> <span class='ocrx_word' id='word_1_133' title='bbox 362 1537 510 1590; x_wconf 87' lang='lat' dir='ltr'>patrist,</span> <span class='ocrx_word' id='word_1_134' title='bbox 540 1551 629 1589; x_wconf 88' lang='lat' dir='ltr'>pars</span> <span class='ocrx_word' id='word_1_135' title='bbox 659 1546 718 1578; x_wconf 89' lang='lat' dir='ltr'>est</span> <span class='ocrx_word' id='word_1_136' title='bbox 746 1539 840 1578; x_wconf 90' lang='lat' dir='ltr'>data</span> <span class='ocrx_word' id='word_1_137' title='bbox 867 1537 982 1578; x_wconf 88' lang='lat' dir='ltr'>tertia</span> <span class='ocrx_word' id='word_1_138' title='bbox 1010 1538 1135 1586; x_wconf 87' lang='lat' dir='ltr'>matri,</span> 
     </span>
    </p>
   </div>
   <div class='ocr_carea' id='block_1_8' title="bbox 105 1639 1439 2422">
    <p class='ocr_par' dir='ltr' id='par_1_15' title="bbox 105 1639 1439 2422">
     <span class='ocr_line' id='line_1_22' title="bbox 106 1639 1436 1682; baseline 0.001 -9"><span class='ocrx_word' id='word_1_139' title='bbox 106 1650 184 1673; x_wconf 80' lang='lat' dir='ltr'>cara</span> <span class='ocrx_word' id='word_1_140' title='bbox 202 1639 489 1672; x_wconf 82' lang='lat' dir='ltr'>TGORVenADa</span> <span class='ocrx_word' id='word_1_141' title='bbox 583 1641 655 1673; x_wconf 88' lang='lat' dir='ltr'>suis</span> <span class='ocrx_word' id='word_1_142' title='bbox 677 1645 731 1673; x_wconf 84' lang='lat' dir='ltr'>est</span> <span class='ocrx_word' id='word_1_143' title='bbox 754 1640 992 1682; x_wconf 78' lang='lat' dir='ltr'>Quintilianus,</span> <span class='ocrx_word' id='word_1_144' title='bbox 1015 1640 1064 1673; x_wconf 83' lang='lat' dir='ltr'>T:</span> <span class='ocrx_word' id='word_1_145' title='bbox 1087 1641 1140 1672; x_wconf 86' lang='lat' dir='ltr'>sui</span> <span class='ocrx_word' id='word_1_146' title='bbox 1161 1641 1223 1674; x_wconf 88' lang='lat' dir='ltr'>sed</span> <span class='ocrx_word' id='word_1_147' title='bbox 1246 1640 1381 1673; x_wconf 84' lang='lat' dir='ltr'>BLa¹A</span> <span class='ocrx_word' id='word_1_148' title='bbox 1388 1642 1417 1674; x_wconf 91' lang='lat' dir='ltr'><em>C</em></span> <span class='ocrx_word' id='word_1_149' title='bbox 1429 1654 1436 1674; x_wconf 93' lang='lat'><strong>:</strong></span> 
     </span>
     <span class='ocr_line' id='line_1_23' title="bbox 105 1683 1436 1726; baseline 0.002 -10"><span class='ocrx_word' id='word_1_150' title='bbox 105 1685 168 1717; x_wconf 85' lang='lat' dir='ltr'>sui.</span> <span class='ocrx_word' id='word_1_151' title='bbox 187 1684 248 1716; x_wconf 88' lang='lat' dir='ltr'>sed</span> <span class='ocrx_word' id='word_1_152' title='bbox 265 1683 329 1715; x_wconf 88' lang='lat' dir='ltr'>GO</span> <span class='ocrx_word' id='word_1_153' title='bbox 336 1683 394 1715; x_wconf 87' lang='lat' dir='ltr'>Ven</span> <span class='ocrx_word' id='word_1_154' title='bbox 409 1688 439 1715; x_wconf 82' lang='lat' dir='ltr'>et</span> <span class='ocrx_word' id='word_1_155' title='bbox 453 1684 487 1715; x_wconf 84' lang='lat' dir='ltr'><em>R</em></span> <span class='ocrx_word' id='word_1_156' title='bbox 500 1695 545 1716; x_wconf 88' lang='lat' dir='ltr'>m.</span> <span class='ocrx_word' id='word_1_157' title='bbox 558 1689 612 1726; x_wconf 89' lang='lat' dir='ltr'>pr.</span> <span class='ocrx_word' id='word_1_158' title='bbox 724 1686 768 1725; x_wconf 88' lang='lat'>46</span> <span class='ocrx_word' id='word_1_159' title='bbox 790 1685 903 1716; x_wconf 85' lang='lat' dir='ltr'>amisit</span> <span class='ocrx_word' id='word_1_160' title='bbox 918 1685 961 1724; x_wconf 89' lang='lat' dir='ltr'>R,</span> <span class='ocrx_word' id='word_1_161' title='bbox 981 1695 998 1716; x_wconf 92' lang='lat' dir='ltr'>s</span> <span class='ocrx_word' id='word_1_162' title='bbox 1012 1690 1112 1726; x_wconf 82' lang='lat' dir='ltr'>super</span> <span class='ocrx_word' id='word_1_163' title='bbox 1125 1695 1282 1716; x_wconf 86' lang='lat' dir='ltr'>rasuram</span> <span class='ocrx_word' id='word_1_164' title='bbox 1393 1688 1436 1725; x_wconf 87' lang='lat'>48</span> 
     </span>
     <span class='ocr_line' id='line_1_24' title="bbox 107 1727 1437 1770; baseline 0.001 -10"><span class='ocrx_word' id='word_1_165' title='bbox 107 1728 286 1769; x_wconf 85' lang='lat' dir='ltr'>Kymeneo</span> <span class='ocrx_word' id='word_1_166' title='bbox 301 1727 470 1769; x_wconf 66' lang='lat' dir='ltr'>kymenee</span> <span class='ocrx_word' id='word_1_167' title='bbox 486 1728 695 1768; x_wconf 84' lang='lat' dir='ltr'>kymenades</span> <span class='ocrx_word' id='word_1_168' title='bbox 711 1728 878 1770; x_wconf 66' lang='lat' dir='ltr'>kymenee</span> <span class='ocrx_word' id='word_1_169' title='bbox 899 1727 930 1759; x_wconf 88' lang='lat' dir='ltr'><em>T</em></span> <span class='ocrx_word' id='word_1_170' title='bbox 1040 1739 1084 1768; x_wconf 81' lang='lat'>49</span> <span class='ocrx_word' id='word_1_171' title='bbox 1107 1729 1142 1759; x_wconf 80' lang='lat' dir='ltr'>in</span> <span class='ocrx_word' id='word_1_172' title='bbox 1159 1739 1267 1770; x_wconf 87' lang='lat' dir='ltr'>marg.</span> <span class='ocrx_word' id='word_1_173' title='bbox 1289 1728 1437 1761; x_wconf 87' lang='lat' dir='ltr'>quenes</span> 
     </span>
     <span class='ocr_line' id='line_1_25' title="bbox 109 1769 1435 1812; baseline 0.002 -10"><span class='ocrx_word' id='word_1_174' title='bbox 109 1770 172 1803; x_wconf 84' lang='lat' dir='ltr'>GR</span> <span class='ocrx_word' id='word_1_175' title='bbox 179 1770 272 1803; x_wconf 88' lang='lat' dir='ltr'>VenB</span> <span class='ocrx_word' id='word_1_176' title='bbox 414 1780 459 1811; x_wconf 87' lang='lat'>50</span> <span class='ocrx_word' id='word_1_177' title='bbox 482 1771 676 1811; x_wconf 87' lang='lat' dir='ltr'>Numquam</span> <span class='ocrx_word' id='word_1_178' title='bbox 691 1782 729 1803; x_wconf 88' lang='lat' dir='ltr'>se</span> <span class='ocrx_word' id='word_1_179' title='bbox 746 1772 879 1803; x_wconf 87' lang='lat' dir='ltr'>extollit</span> <span class='ocrx_word' id='word_1_180' title='bbox 896 1782 995 1812; x_wconf 88' lang='lat' dir='ltr'>quam</span> <span class='ocrx_word' id='word_1_181' title='bbox 1018 1769 1201 1803; x_wconf 87' lang='lat' dir='ltr'>mun¹team</span> <span class='ocrx_word' id='word_1_182' title='bbox 1218 1774 1318 1804; x_wconf 86' lang='lat' dir='ltr'>ducat</span> <span class='ocrx_word' id='word_1_183' title='bbox 1335 1783 1435 1804; x_wconf 86' lang='lat' dir='ltr'>uuam</span> 
     </span>
     <span class='ocr_line' id='line_1_26' title="bbox 110 1813 1436 1856; baseline 0.001 -10"><span class='ocrx_word' id='word_1_184' title='bbox 110 1813 143 1845; x_wconf 81' lang='lat' dir='ltr'><em>T</em></span> <span class='ocrx_word' id='word_1_185' title='bbox 277 1823 318 1855; x_wconf 84' lang='lat'>51</span> <span class='ocrx_word' id='word_1_186' title='bbox 344 1824 406 1855; x_wconf 90' lang='lat' dir='ltr'>per</span> <span class='ocrx_word' id='word_1_187' title='bbox 420 1815 564 1847; x_wconf 87' lang='lat' dir='ltr'>flectens</span> <span class='ocrx_word' id='word_1_188' title='bbox 583 1815 615 1846; x_wconf 87' lang='lat' dir='ltr'><em>T</em></span> <span class='ocrx_word' id='word_1_189' title='bbox 754 1826 798 1856; x_wconf 88' lang='lat'>52</span> <span class='ocrx_word' id='word_1_190' title='bbox 822 1815 986 1847; x_wconf 89' lang='lat' dir='ltr'>ssacellum</span> <span class='ocrx_word' id='word_1_191' title='bbox 1007 1814 1038 1846; x_wconf 87' lang='lat' dir='ltr'><em>T</em></span> <span class='ocrx_word' id='word_1_192' title='bbox 1183 1826 1226 1856; x_wconf 88' lang='lat'>53</span> <span class='ocrx_word' id='word_1_193' title='bbox 1250 1817 1333 1847; x_wconf 76' lang='lat' dir='ltr'>han⁰</span> <span class='ocrx_word' id='word_1_194' title='bbox 1351 1816 1436 1848; x_wconf 87' lang='lat' dir='ltr'>nulli</span> 
     </span>
     <span class='ocr_line' id='line_1_27' title="bbox 108 1853 1436 1901; baseline 0.002 -13"><span class='ocrx_word' id='word_1_195' title='bbox 108 1853 294 1901; x_wconf 68' lang='lat' dir='ltr'>agrigcu1¹9</span> <span class='ocrx_word' id='word_1_196' title='bbox 311 1857 404 1889; x_wconf 87' lang='lat' dir='ltr'>multi</span> <span class='ocrx_word' id='word_1_197' title='bbox 419 1858 577 1890; x_wconf 81' lang='lat' dir='ltr'>acoluere</span> <span class='ocrx_word' id='word_1_198' title='bbox 598 1858 645 1891; x_wconf 92' lang='lat' dir='ltr'>T:</span> <span class='ocrx_word' id='word_1_199' title='bbox 670 1859 751 1890; x_wconf 85' lang='lat' dir='ltr'>nulli</span> <span class='ocrx_word' id='word_1_200' title='bbox 768 1859 907 1890; x_wconf 88' lang='lat' dir='ltr'>coluere</span> <span class='ocrx_word' id='word_1_201' title='bbox 924 1858 1043 1900; x_wconf 83' lang='lat' dir='ltr'>(accol.</span> <span class='ocrx_word' id='word_1_202' title='bbox 1062 1857 1146 1900; x_wconf 72' lang='lat' dir='ltr'>Lal)</span> <span class='ocrx_word' id='word_1_203' title='bbox 1164 1862 1191 1889; x_wconf 90' lang='grc' dir='ltr'><strong>Ω</strong></span> <span class='ocrx_word' id='word_1_204' title='bbox 1327 1870 1436 1900; x_wconf 82' lang='lat'>54-55</span> 
     </span>
     <span class='ocr_line' id='line_1_28' title="bbox 106 1899 1435 1943; baseline 0.004 -12"><span class='ocrx_word' id='word_1_205' title='bbox 106 1910 172 1932; x_wconf 85' lang='lat' dir='ltr'>om.</span> <span class='ocrx_word' id='word_1_206' title='bbox 188 1899 247 1932; x_wconf 89' lang='lat' dir='ltr'>Da</span> <span class='ocrx_word' id='word_1_207' title='bbox 349 1911 391 1942; x_wconf 88' lang='lat'>54</span> <span class='ocrx_word' id='word_1_208' title='bbox 413 1902 487 1942; x_wconf 85' lang='lat' dir='ltr'>apsi</span> <span class='ocrx_word' id='word_1_209' title='bbox 507 1902 538 1933; x_wconf 92' lang='lat' dir='ltr'><em>T</em></span> <span class='ocrx_word' id='word_1_210' title='bbox 599 1902 720 1933; x_wconf 85' lang='lat' dir='ltr'>marita</span> <span class='ocrx_word' id='word_1_211' title='bbox 739 1902 775 1940; x_wconf 91' lang='lat' dir='ltr'>T,</span> <span class='ocrx_word' id='word_1_212' title='bbox 794 1903 908 1934; x_wconf 85' lang='lat' dir='ltr'>Ballin</span> <span class='ocrx_word' id='word_1_213' title='bbox 1012 1911 1055 1942; x_wconf 88' lang='lat'>55</span> <span class='ocrx_word' id='word_1_214' title='bbox 1078 1901 1224 1943; x_wconf 75' lang='lat' dir='ltr'>agricule</span> <span class='ocrx_word' id='word_1_215' title='bbox 1245 1901 1276 1933; x_wconf 87' lang='lat' dir='ltr'><em>T</em></span> <span class='ocrx_word' id='word_1_216' title='bbox 1329 1905 1435 1936; x_wconf 87' lang='lat' dir='ltr'>accol.</span> 
     </span>
     <span class='ocr_line' id='line_1_29' title="bbox 108 1942 1437 1986; baseline 0.002 -11"><span class='ocrx_word' id='word_1_217' title='bbox 108 1946 158 1976; x_wconf 77' lang='lat' dir='ltr'>n:</span> <span class='ocrx_word' id='word_1_218' title='bbox 179 1943 264 1976; x_wconf 84' lang='lat' dir='ltr'>acol.</span> <span class='ocrx_word' id='word_1_219' title='bbox 289 1942 320 1975; x_wconf 89' lang='lat' dir='ltr'><em>T</em></span> <span class='ocrx_word' id='word_1_220' title='bbox 449 1947 492 1985; x_wconf 89' lang='lat'>56</span> <span class='ocrx_word' id='word_1_221' title='bbox 515 1947 594 1977; x_wconf 91' lang='lat' dir='ltr'>dum</span> <span class='ocrx_word' id='word_1_222' title='bbox 611 1946 755 1986; x_wconf 86' lang='lat' dir='ltr'>innupta</span> <span class='ocrx_word' id='word_1_223' title='bbox 772 1951 886 1978; x_wconf 87' lang='lat' dir='ltr'>manet</span> <span class='ocrx_word' id='word_1_224' title='bbox 906 1944 1038 1977; x_wconf 83' lang='lat' dir='ltr'>Weber:</span> <span class='ocrx_word' id='word_1_225' title='bbox 1060 1951 1130 1977; x_wconf 87' lang='lat' dir='ltr'>tum</span> <span class='ocrx_word' id='word_1_226' title='bbox 1146 1946 1274 1978; x_wconf 85' lang='lat' dir='ltr'>inculta</span> <span class='ocrx_word' id='word_1_227' title='bbox 1288 1947 1437 1978; x_wconf 89' lang='lat' dir='ltr'>senescit</span> 
     </span>
     <span class='ocr_line' id='line_1_30' title="bbox 111 1986 1437 2028; baseline 0.002 -9"><span class='ocrx_word' id='word_1_228' title='bbox 111 1986 144 2019; x_wconf 88' lang='lat' dir='ltr'><em>T</em></span> <span class='ocrx_word' id='word_1_229' title='bbox 239 1997 282 2028; x_wconf 87' lang='lat'>57</span> <span class='ocrx_word' id='word_1_230' title='bbox 305 1987 486 2020; x_wconf 88' lang='lat' dir='ltr'>conubium</span> <span class='ocrx_word' id='word_1_231' title='bbox 506 1988 568 2020; x_wconf 85' lang='grc' dir='ltr'>ΤΒ</span> <span class='ocrx_word' id='word_1_232' title='bbox 669 1991 712 2028; x_wconf 88' lang='grc'>58</span> <span class='ocrx_word' id='word_1_233' title='bbox 735 2000 816 2021; x_wconf 87' lang='lat' dir='ltr'>cura</span> <span class='ocrx_word' id='word_1_234' title='bbox 835 1989 866 2020; x_wconf 92' lang='lat' dir='ltr'><em>T</em></span> <span class='ocrx_word' id='word_1_235' title='bbox 866 1989 965 2021; x_wconf 85' lang='lat' dir='ltr'>GOD</span> <span class='ocrx_word' id='word_1_236' title='bbox 979 1989 1124 2021; x_wconf 81' lang='lat' dir='ltr'>Pleitner</span> <span class='ocrx_word' id='word_1_237' title='bbox 1189 1990 1265 2020; x_wconf 86' lang='lat' dir='ltr'>uiro</span> <span class='ocrx_word' id='word_1_238' title='bbox 1286 1989 1413 2021; x_wconf 87' lang='lat' dir='ltr'><em>TGOD</em></span> <span class='ocrx_word' id='word_1_239' title='bbox 1429 2001 1437 2021; x_wconf 70' lang='grc' dir='ltr'><em>τ</em></span> 
     </span>
     <span class='ocr_line' id='line_1_31' title="bbox 108 2031 1439 2074; baseline 0.002 -12"><span class='ocrx_word' id='word_1_240' title='bbox 108 2031 207 2072; x_wconf 85' lang='lat' dir='ltr'>uirgo</span> <span class='ocrx_word' id='word_1_241' title='bbox 229 2031 376 2063; x_wconf 87' lang='lat' dir='ltr'>RVenC:</span> <span class='ocrx_word' id='word_1_242' title='bbox 401 2041 478 2063; x_wconf 85' lang='lat' dir='ltr'>cara</span> <span class='ocrx_word' id='word_1_243' title='bbox 501 2033 577 2063; x_wconf 88' lang='lat' dir='ltr'>uiro</span> <span class='ocrx_word' id='word_1_244' title='bbox 601 2033 708 2072; x_wconf 86' lang='lat' dir='ltr'>magis</span> <span class='ocrx_word' id='word_1_245' title='bbox 724 2037 788 2072; x_wconf 83' lang='lat' dir='ltr'>est,</span> <span class='ocrx_word' id='word_1_246' title='bbox 806 2034 917 2064; x_wconf 90' lang='lat' dir='ltr'>minus</span> <span class='ocrx_word' id='word_1_247' title='bbox 938 2038 990 2064; x_wconf 88' lang='lat' dir='ltr'>est</span> <span class='ocrx_word' id='word_1_248' title='bbox 1010 2033 1122 2064; x_wconf 79' lang='lat' dir='ltr'>inuisa</span> <span class='ocrx_word' id='word_1_249' title='bbox 1145 2042 1178 2072; x_wconf 89' lang='lat' dir='ltr'>p.</span> <span class='ocrx_word' id='word_1_250' title='bbox 1196 2032 1314 2074; x_wconf 83' lang='lat' dir='ltr'>Sonny</span> <span class='ocrx_word' id='word_1_251' title='bbox 1357 2033 1439 2065; x_wconf 86' lang='lat' dir='ltr'>Post</span> 
     </span>
     <span class='ocr_line' id='line_1_32' title="bbox 108 2074 1438 2117; baseline 0.002 -13"><span class='ocrx_word' id='word_1_252' title='bbox 108 2074 198 2105; x_wconf 76' lang='lat' dir='ltr'>hunc</span> <span class='ocrx_word' id='word_1_253' title='bbox 210 2085 243 2108; x_wconf 86' lang='lat' dir='ltr'>u.</span> <span class='ocrx_word' id='word_1_254' title='bbox 259 2075 407 2106; x_wconf 75' lang='lat' dir='ltr'>exa&#39;disse</span> <span class='ocrx_word' id='word_1_255' title='bbox 420 2075 646 2107; x_wconf 79' lang='lat' dir='ltr'>intercalarem</span> <span class='ocrx_word' id='word_1_256' title='bbox 662 2076 742 2108; x_wconf 84' lang='lat' dir='ltr'>duce</span> <span class='ocrx_word' id='word_1_257' title='bbox 756 2076 958 2108; x_wconf 86' lang='lat' dir='ltr'>Hermanno</span> <span class='ocrx_word' id='word_1_258' title='bbox 970 2077 1072 2108; x_wconf 86' lang='lat' dir='ltr'>multi</span> <span class='ocrx_word' id='word_1_259' title='bbox 1082 2076 1284 2107; x_wconf 76' lang='lat' dir='ltr'>credz&#39;clerunt</span> <span class='ocrx_word' id='word_1_260' title='bbox 1394 2086 1438 2117; x_wconf 90' lang='lat'>59</span> 
     </span>
     <span class='ocr_line' id='line_1_33' title="bbox 108 2116 1439 2161; baseline 0.003 -13"><span class='ocrx_word' id='word_1_261' title='bbox 108 2121 143 2148; x_wconf 90' lang='lat' dir='ltr'>et</span> <span class='ocrx_word' id='word_1_262' title='bbox 166 2122 224 2149; x_wconf 90' lang='lat' dir='ltr'>tua</span> <span class='ocrx_word' id='word_1_263' title='bbox 251 2127 314 2150; x_wconf 87' lang='lat' dir='ltr'>nec</span> <span class='ocrx_word' id='word_1_264' title='bbox 342 2117 389 2150; x_wconf 90' lang='lat' dir='ltr'>T:</span> <span class='ocrx_word' id='word_1_265' title='bbox 419 2123 454 2150; x_wconf 87' lang='lat' dir='ltr'>et</span> <span class='ocrx_word' id='word_1_266' title='bbox 480 2123 516 2150; x_wconf 88' lang='lat' dir='ltr'>tu</span> <span class='ocrx_word' id='word_1_267' title='bbox 543 2129 607 2151; x_wconf 90' lang='lat' dir='ltr'>nec</span> <span class='ocrx_word' id='word_1_268' title='bbox 626 2122 677 2151; x_wconf 78' lang='lat' dir='ltr'>ss:</span> <span class='ocrx_word' id='word_1_269' title='bbox 707 2124 743 2151; x_wconf 88' lang='lat' dir='ltr'>at</span> <span class='ocrx_word' id='word_1_270' title='bbox 768 2125 804 2151; x_wconf 88' lang='lat' dir='ltr'>tu</span> <span class='ocrx_word' id='word_1_271' title='bbox 828 2130 873 2151; x_wconf 88' lang='lat' dir='ltr'>ne</span> <span class='ocrx_word' id='word_1_272' title='bbox 898 2119 979 2152; x_wconf 86' lang='lat' dir='ltr'>Ald.</span> <span class='ocrx_word' id='word_1_273' title='bbox 1006 2116 1050 2152; x_wconf 67' lang='lat' dir='ltr'>Ii</span> <span class='ocrx_word' id='word_1_274' title='bbox 1078 2125 1113 2151; x_wconf 87' lang='lat' dir='ltr'>at</span> <span class='ocrx_word' id='word_1_275' title='bbox 1136 2129 1200 2151; x_wconf 88' lang='lat' dir='ltr'>nec</span> <span class='ocrx_word' id='word_1_276' title='bbox 1223 2125 1260 2151; x_wconf 88' lang='lat' dir='ltr'>tu</span> <span class='ocrx_word' id='word_1_277' title='bbox 1283 2119 1439 2161; x_wconf 81' lang='lat' dir='ltr'>Postgate</span> 
     </span>
     <span class='ocr_line' id='line_1_34' title="bbox 109 2159 1437 2205; baseline 0.003 -14"><span class='ocrx_word' id='word_1_278' title='bbox 109 2159 190 2191; x_wconf 84' lang='lat' dir='ltr'>Post</span> <span class='ocrx_word' id='word_1_279' title='bbox 211 2170 254 2201; x_wconf 92' lang='lat'>59</span> <span class='ocrx_word' id='word_1_280' title='bbox 277 2171 386 2192; x_wconf 84' lang='lat' dir='ltr'>unum</span> <span class='ocrx_word' id='word_1_281' title='bbox 411 2173 444 2193; x_wconf 87' lang='lat' dir='ltr'>u.</span> <span class='ocrx_word' id='word_1_282' title='bbox 463 2161 640 2203; x_wconf 82' lang='lat' dir='ltr'>Rossbach,</span> <span class='ocrx_word' id='word_1_283' title='bbox 657 2167 737 2204; x_wconf 82' lang='lat' dir='ltr'>post</span> <span class='ocrx_word' id='word_1_284' title='bbox 756 2164 798 2203; x_wconf 92' lang='lat'>65</span> <span class='ocrx_word' id='word_1_285' title='bbox 816 2163 939 2205; x_wconf 83' lang='lat' dir='ltr'>Haupt</span> <span class='ocrx_word' id='word_1_286' title='bbox 955 2167 986 2195; x_wconf 86' lang='lat' dir='ltr'>et</span> <span class='ocrx_word' id='word_1_287' title='bbox 1007 2163 1152 2195; x_wconf 72' lang='lat' dir='ltr'>Plet&#39;tner</span> <span class='ocrx_word' id='word_1_288' title='bbox 1170 2166 1335 2204; x_wconf 81' lang='lat' dir='ltr'>putarunt</span> <span class='ocrx_word' id='word_1_289' title='bbox 1357 2164 1437 2195; x_wconf 72' lang='lat' dir='ltr'>exa*-</span> 
     </span>
     <span class='ocr_line' id='line_1_35' title="bbox 109 2203 1439 2248; baseline 0.003 -14"><span class='ocrx_word' id='word_1_290' title='bbox 109 2203 194 2234; x_wconf 80' lang='lat' dir='ltr'>disse</span> <span class='ocrx_word' id='word_1_291' title='bbox 216 2207 255 2235; x_wconf 89' lang='lat' dir='ltr'>ut</span> <span class='ocrx_word' id='word_1_292' title='bbox 278 2204 565 2245; x_wconf 82' lang='lat' dir='ltr'>quemadmodum</span> <span class='ocrx_word' id='word_1_293' title='bbox 594 2207 818 2238; x_wconf 83' lang='lat' dir='ltr'>amoebaeum.</span> <span class='ocrx_word' id='word_1_294' title='bbox 834 2217 967 2238; x_wconf 86' lang='lat' dir='ltr'>carmen</span> <span class='ocrx_word' id='word_1_295' title='bbox 1000 2208 1138 2248; x_wconf 74' lang='lat'>(20-58)</span> <span class='ocrx_word' id='word_1_296' title='bbox 1170 2217 1291 2238; x_wconf 88' lang='lat' dir='ltr'>nouem</span> <span class='ocrx_word' id='word_1_297' title='bbox 1322 2217 1439 2238; x_wconf 85' lang='lat' dir='ltr'>uersus</span> 
     </span>
     <span class='ocr_line' id='line_1_36' title="bbox 110 2247 1434 2292; baseline 0.002 -14"><span class='ocrx_word' id='word_1_298' title='bbox 110 2247 272 2278; x_wconf 71' lang='lat' dir='ltr'>iuuenum</span> <span class='ocrx_word' id='word_1_299' title='bbox 287 2248 526 2290; x_wconf 81' lang='lat' dir='ltr'>praecedebant,</span> <span class='ocrx_word' id='word_1_300' title='bbox 550 2249 660 2281; x_wconf 90' lang='lat' dir='ltr'>eodem</span> <span class='ocrx_word' id='word_1_301' title='bbox 680 2250 779 2281; x_wconf 88' lang='lat' dir='ltr'>modo</span> <span class='ocrx_word' id='word_1_302' title='bbox 802 2261 922 2282; x_wconf 88' lang='lat' dir='ltr'>nouem</span> <span class='ocrx_word' id='word_1_303' title='bbox 944 2255 1158 2291; x_wconf 76' lang='lat' dir='ltr'>sequerentur.</span> <span class='ocrx_word' id='word_1_304' title='bbox 1205 2250 1279 2292; x_wconf 87' lang='lat' dir='ltr'>Ego</span> <span class='ocrx_word' id='word_1_305' title='bbox 1297 2253 1374 2290; x_wconf 85' lang='lat' dir='ltr'>post</span> <span class='ocrx_word' id='word_1_306' title='bbox 1394 2252 1434 2281; x_wconf 90' lang='lat'>61</span> 
     </span>
     <span class='ocr_line' id='line_1_37' title="bbox 105 2290 1434 2344; baseline 0.003 -23"><span class='ocrx_word' id='word_1_307' title='bbox 105 2290 216 2341; x_wconf 58' lang='lat' dir='ltr'>potius</span> <span class='ocrx_word' id='word_1_308' title='bbox 230 2291 386 2342; x_wconf 77' lang='lat' dir='ltr'>lacunam</span> <span class='ocrx_word' id='word_1_309' title='bbox 402 2291 550 2323; x_wconf 73' lang='lat' dir='ltr'>indicaui</span> <span class='ocrx_word' id='word_1_310' title='bbox 565 2335 572 2344; x_wconf 38' lang='lat'>⁸</span> <span class='ocrx_word' id='word_1_311' title='bbox 642 2293 687 2324; x_wconf 90' lang='lat'>60</span> <span class='ocrx_word' id='word_1_312' title='bbox 709 2303 831 2333; x_wconf 86' lang='lat' dir='ltr'>equom</span> <span class='ocrx_word' id='word_1_313' title='bbox 851 2293 900 2325; x_wconf 88' lang='lat' dir='ltr'>T:</span> <span class='ocrx_word' id='word_1_314' title='bbox 924 2294 1066 2335; x_wconf 82' lang='lat' dir='ltr'>(a)equo</span> <span class='ocrx_word' id='word_1_315' title='bbox 1082 2297 1110 2325; x_wconf 95' lang='grc' dir='ltr'><strong>Ω</strong></span> <span class='ocrx_word' id='word_1_316' title='bbox 1179 2304 1255 2325; x_wconf 89' lang='lat' dir='ltr'>cum</span> <span class='ocrx_word' id='word_1_317' title='bbox 1272 2292 1306 2324; x_wconf 88' lang='lat' dir='ltr'><em>B</em></span> <span class='ocrx_word' id='word_1_318' title='bbox 1395 2295 1434 2325; x_wconf 92' lang='lat'>61</span> 
     </span>
     <span class='ocr_line' id='line_1_38' title="bbox 111 2336 1438 2422; baseline 0.004 -14"><span class='ocrx_word' id='word_1_319' title='bbox 111 2339 542 2420; x_wconf 45' lang='lat' dir='ltr'>fffflr&#39;lssfflsspssi‘ssffz</span> <span class='ocrx_word' id='word_1_320' title='bbox 556 2346 723 2421; x_wconf 52' lang='lat'>2335·</span> <span class='ocrx_word' id='word_1_321' title='bbox 741 2336 938 2420; x_wconf 53' lang='lat' dir='ltr'>3:1⁶5}ngss</span> <span class='ocrx_word' id='word_1_322' title='bbox 1014 2339 1115 2412; x_wconf 54' lang='lat' dir='ltr'>mg}</span> <span class='ocrx_word' id='word_1_323' title='bbox 1136 2337 1269 2422; x_wconf 54' lang='lat' dir='ltr'>Z&#39;ZirfsT</span> <span class='ocrx_word' id='word_1_324' title='bbox 1279 2391 1358 2422; x_wconf 62' lang='lat' dir='ltr'>pars</span> <span class='ocrx_word' id='word_1_325' title='bbox 1385 2339 1438 2412; x_wconf 55' lang='lat'>&lt;2⁶3</span> 
     </span>
    </p>
   </div>
  </div>
 </body>
</html>
