1592 2664
606 115 928 158 PRAEFATIO

106 239 162 266 me
183 240 220 265 u.
245 239 275 266 e.
299 227 326 265 l.
383 225 525 276 Itaque
552 235 634 264 non
663 223 783 261 multo
811 222 870 261 mi
893 226 1021 260 tamen
1048 232 1086 260 es
1114 220 1186 260 sed
1215 219 1335 258 multo
1362 218 1437 256 mei

105 297 232 333 tamen
251 304 288 332 es
313 290 587 343 reponendum
607 287 706 337 erit3
731 288 808 327 mei
829 286 936 327 enim
962 286 1122 328 datiuus
1147 293 1207 327 est
1233 285 1433 325 LXXVII

107 372 131 410 3
162 359 276 398 sicine
306 357 496 408 subrepsti
524 355 607 404 mei,
639 355 805 394 fortasse
832 352 952 393 etiam
981 353 1186 392 XXXVII
1225 365 1269 391 11
1297 353 1434 404 puella

106 437 198 463 nam
225 425 307 471 mei,
338 421 407 462 ubi
430 421 590 462 codices
615 419 766 459 habent
791 431 859 457 me.
915 419 1096 458 Alterum
1123 418 1349 469 exemplum
1376 423 1435 457 est

106 489 285 529 XXXIV
322 501 370 539 23
400 487 533 528 solitas
562 499 604 526 es
631 486 684 533 A,
716 484 756 524 in
786 497 867 536 quo
896 485 1017 524 latere
1044 483 1254 535 antiquum
1283 496 1434 522 morem

107 553 306 594 scribendi
333 554 477 593 solita’s
504 550 696 591 intellexit
725 550 925 590 Lucianus
955 550 1148 589 Mueller:
1186 562 1210 588 a
1238 562 1319 600 quo
1354 562 1435 589 non

107 619 224 670 longe
246 619 359 658 abest
382 617 544 657 unicum
571 615 670 656 illud
696 615 807 667 quod
830 614 953 654 habet
972 615 1012 653 R
1034 615 1172 653 XLIX
1199 626 1218 664 7
1247 615 1438 653 omniums

108 685 218 735 quod
244 697 326 724 non
346 683 542 723 immerito
560 683 614 722 ad
639 681 770 733 ipsum
789 681 1033 732 archetypon
1052 679 1179 720 redire
1199 679 1437 720 existimauit

109 749 141 788 is
167 749 235 800 qui
261 749 442 790 codicem
469 748 633 796 inuenit,
664 746 888 787 Gulielmus
917 747 1099 787 Gardner
1127 747 1246 786 Hale.
1303 748 1438 800 Atque

109 814 259 854 utinam
283 813 511 854 huiusmodi
541 819 673 854 essent
698 814 810 864 plura
836 825 940 864 quae
966 811 1007 851 in
1034 824 1084 852 eo
1112 818 1246 851 extant
1274 813 1413 852 codice
1427 826 1439 861 ;

110 880 345 920 haberemus
364 879 570 919 certiorem
589 879 642 918 ad
668 879 911 929 archetypon
931 876 1280 928 redintegrandum
1307 879 1414 917 uiam
1430 893 1439 917 ι

110 958 351 997 quamquam
372 957 423 985 ne
443 944 499 984 sic
519 945 682 995 quidem
701 944 754 984 ad
774 943 897 995 ipsius
917 942 1066 984 Catulli
1085 955 1249 982 manum
1270 942 1401 983 iretur.

166 1013 228 1051 De
249 1013 414 1050 Datano
439 1009 562 1050 fusius
588 1008 670 1050 dixi
695 1009 736 1048 in
763 1010 826 1049 ed.
854 1009 1003 1048 maiore
1030 1010 1205 1060 Prolegg.
1233 1022 1298 1060 pp.
1325 1009 1440 1049 xxxi-

111 1091 220 1116 xxxv.
279 1078 320 1116 Is
352 1076 446 1128 quia
478 1076 671 1116 nonnulla
698 1075 820 1115 habet
848 1087 953 1126 quae
978 1074 1031 1114 ab
1062 1074 1172 1114 Italis
1206 1074 1440 1126 interpolata

112 1142 204 1190 sint,
227 1143 336 1181 uelut
364 1142 546 1181 LXVIII
574 1152 623 1190 47
648 1140 732 1192 (qui
760 1153 897 1180 uersus
923 1140 1036 1179 deest
1062 1138 1103 1178 in
1131 1139 1441 1192 sincerioribus),

113 1207 225 1247 XCV
256 1221 279 1257 9
308 1206 349 1245 in
378 1207 457 1246 fine
484 1219 623 1246 uersus
651 1206 805 1254 laboris,
837 1206 950 1243 LXV
982 1218 1028 1243 12
1057 1217 1194 1243 canam
1223 1205 1293 1244 ubi
1323 1205 1442 1245 ceteri

114 1274 246 1323 tegdm,
267 1285 291 1312 a
309 1272 510 1311 nonnullis
530 1270 749 1311 editoribus
768 1269 891 1310 hodie
914 1269 1153 1321 repudiatur.
1213 1271 1285 1310 Est
1309 1278 1442 1310 tamen

114 1350 161 1376 ea
193 1336 344 1388 species
378 1336 419 1375 in
450 1335 682 1376 uniuersum
717 1334 874 1383 Bataui,
911 1347 1014 1386 quae
1047 1347 1129 1373 non
1164 1336 1288 1375 modo
1322 1349 1442 1387 pecu-

113 1401 217 1441 liaris
235 1401 407 1442 dicenda
433 1401 494 1449 sit,
515 1402 587 1441 sed
612 1400 842 1453 praesertim
868 1400 900 1440 si
926 1400 1247 1452 orthographiam
1275 1410 1442 1453 spectes,

113 1467 376 1518 incorruptam
397 1473 634 1507 uetustatem
655 1479 750 1518 prae
767 1479 812 1506 se
831 1467 984 1514 ferens;
1013 1478 1093 1517 qua
1118 1479 1159 1505 re
1184 1467 1444 1507 Lachmanno

114 1531 178 1571 hic
211 1531 460 1583 potissimum
489 1530 632 1583 dignus
661 1530 822 1571 habitus
849 1538 909 1571 est
937 1544 1059 1582 quem
1087 1543 1181 1571 cum
1210 1545 1293 1571 uno
1321 1533 1445 1573 altero

113 1603 241 1635 totum
260 1595 463 1636 exhiberet
482 1596 523 1636 in
543 1597 606 1636 ed.
628 1609 699 1635 sua
717 1597 813 1635 anni
836 1597 950 1647 1829,
973 1609 1104 1648 neque
1123 1609 1208 1648 ego,
1231 1596 1300 1647 qui
1321 1598 1445 1637 Lach-

114 1660 248 1700 manni
286 1660 403 1700 crisin
440 1673 596 1712 semper
633 1660 840 1700 habuerim
879 1660 1049 1712 plurimi,
1091 1674 1282 1713 umquam
1319 1674 1344 1702 a
1381 1675 1446 1702 me

114 1726 321 1777 impetrare
341 1725 451 1777 potui
473 1733 530 1774 ut,
545 1726 789 1766 Baehrensio
808 1726 941 1777 potius
957 1734 996 1766 et
1018 1725 1210 1766 Munroni
1229 1726 1445 1767 obsecutus

113 1797 271 1842 propter
296 1802 423 1842 pauca
442 1803 545 1841 quae
564 1791 692 1831 codex
718 1790 751 1830 is
778 1790 899 1830 habet
926 1790 1032 1839 uitia,
1060 1790 1290 1831 uniuersum
1317 1793 1447 1843 negle-

113 1867 246 1905 gerem
275 1855 564 1906 abiceremque.
636 1856 771 1894 Huius
800 1868 964 1906 compar
991 1855 1291 1908 consimilisque
1318 1858 1446 1897 codex

115 1927 174 1959 est
205 1921 336 1961 Musei
371 1920 598 1968 Britannici,
635 1922 743 1960 Add.
783 1933 935 1972 11,915,
972 1934 1091 1972 quem
1125 1922 1166 1960 in
1199 1923 1261 1962 ed.
1299 1924 1446 1963 maiore

115 1986 242 2026 littera
261 2000 285 2025 a
306 1985 469 2037 signaui.

170 2051 231 2089 Ex
262 2050 324 2090 his
356 2052 496 2091 decem
529 2050 737 2091 codicibus
770 2053 1005 2103 plerumque
1039 2052 1237 2092 constabit
1271 2053 1368 2104 quid
1405 2053 1447 2093 in

116 2115 357 2156 Veronensis
384 2117 598 2167 archetypo
625 2117 815 2168 scriptum
844 2116 971 2166 suerit,
1000 2130 1083 2157 non
1109 2125 1151 2157 ut
1176 2117 1270 2157 hinc
1296 2117 1447 2158 restitui

117 2187 231 2232 putes
251 2183 385 2221 ueram
405 2193 567 2220 manum
588 2181 747 2222 Catulli.

171 2245 305 2285 Fuerit
342 2245 450 2286 enim
487 2245 644 2286 diuersa
678 2246 899 2286 carminum
936 2247 1127 2296 recensio,
1167 2253 1212 2287 ut
1244 2260 1292 2288 ex
1326 2248 1446 2288 LXII

117 2316 235 2361 patet,
257 2311 368 2361 quod
397 2311 739 2361 quemadmodum
769 2311 909 2362 legitur
935 2310 977 2351 in
996 2313 1194 2352 Thuaneo
1218 2314 1448 2364 apographo

117 2374 263 2414 saeculi
282 2376 330 2423 ix,
353 2388 435 2415 non
454 2388 609 2426 semper
629 2377 826 2416 consentit
842 2389 934 2416 cum
949 2377 1156 2417 codicibus
1171 2390 1272 2417 saec.
1293 2377 1367 2425 xiV‚
1385 2391 1443 2417 XV.

762 2455 805 2480 ‘xi
