1682 2690
256 133 497 174 CATVLLI

308 311 563 356 notescatque
592 303 713 355 magis
741 309 918 342 mortuus
945 309 1065 352 atque
1090 301 1226 353 magis,

256 382 329 409 nec
357 376 515 409 tenuem
543 375 678 407 texens
706 366 885 406 sublimis
912 379 1053 406 aranea
1080 367 1197 406 telam

308 434 349 472 in
377 434 531 473 deserto
560 431 639 471 Alli
668 430 829 470 nomine
857 442 957 481 opus
985 429 1111 469 faciat.
1521 444 1565 477 50

256 511 359 545 nam,
390 496 485 536 mihi
512 509 632 547 quam
660 493 812 535 dederit
838 495 984 545 duplex
1011 493 1243 533 Amathusia
1269 506 1413 541 curam,

308 560 425 608 scitis,
456 567 494 599 et
522 559 563 599 in
591 571 671 610 quo
700 571 764 599 me
791 557 976 598 corruerit
1003 571 1155 609 genere,

256 639 347 665 cum
375 631 527 664 tantum
554 625 731 663 arderem
760 629 951 674 quantum
980 621 1181 662 Trinacria
1208 635 1323 673 rupes

309 690 547 740 lymphaque
574 687 615 726 in
644 686 804 728 Oetaeis
834 686 956 726 Malia
983 686 1268 739 Thermopylis,

257 761 404 793 maesta
431 765 561 804 neque
588 751 748 792 assiduo
774 751 976 792 tabescere
1003 752 1150 802 pupula
1178 742 1271 790 fletu
1524 764 1568 798 55

309 824 476 858 cessaret
504 815 681 867 tristique
708 814 836 855 imbre
865 815 1023 855 madere
1050 827 1183 865 genae.

257 882 382 934 qualis
410 882 450 920 in
478 880 581 920 aerei
608 880 814 932 perlucens
842 878 988 919 uertice
1016 877 1159 918 montis

310 946 415 986 riuus
442 957 626 985 muscoso
653 943 803 995 prosilit
830 956 853 983 e
881 942 1022 994 lapide,

258 1010 325 1061 qui
353 1022 443 1049 cum
472 1010 523 1049 de
551 1020 674 1059 prona
701 1019 887 1059 praeceps
916 1013 975 1047 est
1003 1007 1105 1046 ualle
1132 1007 1301 1054 uolutus,
1335 1026 1337 1028 ·

308 1087 377 1125 per
405 1072 579 1112 medium
608 1071 721 1112 densi
749 1070 884 1111 transit
912 1070 984 1110 iter
1010 1070 1156 1122 populi,
1525 1075 1571 1109 6ο

258 1138 374 1177 dulce
402 1136 540 1176 uiatori
568 1137 671 1175 lasso
699 1135 739 1174 in
767 1136 910 1175 sudore
938 1136 1130 1183 leuamen,

312 1214 402 1240 cum
430 1199 557 1252 grauis
585 1205 741 1239 exustos
768 1205 898 1238 aestus
926 1197 1072 1238 hiulcat
1099 1209 1234 1248 agros:

260 1266 334 1314 hic,
365 1267 472 1305 uelut
499 1264 540 1304 in
568 1264 679 1315 nigro
706 1262 856 1304 iactatis
885 1262 1040 1302 turbine
1066 1262 1195 1303 nautis

313 1329 438 1369 lenius
465 1328 639 1381 aspirans
666 1340 759 1367 aura
786 1328 960 1367 secunda
987 1326 1095 1367 uenit

259 1394 336 1433 iam
365 1406 479 1445 prece
508 1391 688 1440 Pollucis,
720 1391 796 1430 iam
827 1390 999 1433 Castoris
1028 1390 1242 1442 implorata,
1529 1396 1569 1439 ⁶5

257 1500 305 1529 est
326 1496 426 1528 unius
448 1505 565 1527 uersus
585 1495 620 1525 in
645 1492 1016 1525 GRVenBLaeChPhil.
1049 1494 1102 1525 cui
1120 1493 1225 1534 spatio
1245 1491 1446 1534 adsen'ptum
1469 1495 1515 1524 es!
1536 1493 1571 1523 in

259 1550 365 1581 marg.
386 1538 518 1570 GBVen
538 1537 661 1569 deficit.
739 1536 781 1568 In
806 1536 837 1567 Ο
858 1540 887 1568 et
910 1535 1012 1568 Laur.
1039 1545 1091 1576 33.
1121 1545 1159 1567 12
1178 1539 1255 1576 post
1276 1536 1320 1575 46
1340 1536 1485 1576 sequatur
1503 1535 1573 1567 sine

258 1581 428 1614 interuallo
451 1585 670 1620 notescatque
693 1579 800 1619 magis
822 1584 975 1611 mortuus
996 1583 1099 1619 atque
1122 1579 1239 1618 magis,
1259 1579 1293 1610 in
1311 1578 1404 1610 ADa
1418 1578 1573 1610 omuibus

259 1631 294 1657 et
315 1625 425 1657 triuiis
457 1623 614 1664 uulgetur
635 1622 745 1654 fabula
775 1622 910 1662 passim,
943 1631 1060 1654 uersus
1089 1622 1157 1653 sine
1178 1620 1275 1653 dubio
1304 1621 1516 1662 interpolatus
1545 1625 1574 1653 et

258 1668 393 1708 spurius
522 1667 564 1706 48
580 1670 820 1706 notescamque
838 1664 867 1696 G
953 1665 1036 1696 Post
1056 1674 1100 1705 49
1121 1664 1270 1705 sequitur
1289 1664 1324 1695 in
1346 1663 1435 1696 codd.
1463 1663 1572 1704 10(1u-

259 1711 456 1750 D)cundum
486 1714 634 1741 cometas
664 1709 754 1750 (cum
784 1713 878 1740 aetas
905 1708 942 1748 a)
974 1707 1092 1739 florida
1118 1712 1155 1739 ut
1180 1707 1252 1748 (aut
1280 1706 1411 1747 BPha„
1443 1716 1504 1738 uer
1534 1708 1571 1743 a)

259 1758 376 1793 ageret
395 1752 568 1792 (LXVIII.
609 1751 665 1791 16)
814 1760 857 1791 5ο
879 1750 936 1782 alli
963 1749 1003 1790 Ο,
1030 1751 1113 1782 sak-m
1131 1748 1276 1792 Scaliger
1294 1750 1487 1781 conieoerat:
1517 1749 1572 1780 alii

263 1796 338 1837 Ven,
366 1795 472 1827 Pan's.
504 1796 612 1835 7989:
637 1793 683 1826 ali
712 1793 837 1826 GRCA
866 1793 952 1826 Phil.
979 1792 1199 1825 Laurentium·
1321 1802 1360 1832 51
1382 1791 1475 1832 nam]
1505 1801 1573 1823 non

263 1839 292 1871 G
371 1838 550 1870 anatunsia
571 1836 607 1868 D
765 1846 808 1876 52
837 1836 995 1868 torruerit
1029 1835 1218 1867 Tumbus:
1256 1835 1427 1874 cor-puerit
1458 1834 1572 1865 Mark-

260 1881 343 1913 land
490 1890 532 1920 54
555 1880 687 1912 eetheis
705 1878 754 1910 G:
779 1879 891 1911 oethis
904 1877 1107 1911 BLa¹RVen
1121 1889 1129 1909 ι
1153 1877 1282 1911 cetheis
1298 1877 1330 1908 Ο
1414 1877 1515 1909 malin
1529 1887 1551 1908 a
1567 1887 1576 1908 ε

263 1925 382 1956 maulia
407 1923 599 1956 GORVen:
631 1922 754 1955 manlia
778 1921 833 1963 Dp
941 1930 983 1962 55
1007 1921 1131 1962 pupula
1152 1921 1273 1961 scripsi,
1288 1920 1325 1960 cf
1349 1919 1500 1960 Caluisr.
1522 1929 1574 1959 rr,

261 1968 398 2000 Lachm.
424 1967 508 1999 eum
529 1966 643 2006 grauis
662 1965 794 2005 urgenti
815 1964 972 1996 conluere
994 1963 1119 2005 pupula
1139 1973 1279 1995 somno:
1302 1962 1508 2005 num(m)uln
1523 1965 1573 1994 n:

262 2011 387 2042 lumina
402 2015 437 2052 p,
463 2010 562 2051 uulgo
691 2010 736 2050 56
758 2011 908 2040 cessaret
926 2006 1001 2039 Da:
1035 2016 1169 2039 cessare
1185 2017 1228 2038 ne
1245 2007 1304 2045 (ue
1316 2005 1359 2046 C)
1375 2008 1402 2037 Ω
1533 2006 1575 2045 58

263 2054 331 2086 rius
348 2053 430 2086 Bod.
446 2052 521 2085 Lat.
537 2051 638 2084 Class.
654 2062 679 2084 e.
701 2061 740 2092 15
848 2059 891 2091 59
911 2050 968 2090 qui
984 2049 1019 2082 R
1126 2049 1225 2081 ualde
1238 2051 1284 2080 n:
1306 2049 1394 2089 Alpe
1410 2047 1575 2080 Rossbach

262 2098 306 2128 60
326 2097 421 2128 densi
447 2099 497 2128 n:
531 2096 617 2127 dens
642 2094 728 2127 Bod.
752 2093 827 2126 Lat.
858 2093 962 2125 class.
986 2103 1011 2124 e.
1040 2102 1101 2132 15:
1135 2093 1261 2124 sensim
1283 2091 1424 2133 Haupt:
1454 2091 1576 2123 ludens

263 2140 399 2171 Palmer
524 2139 564 2170 61
583 2139 668 2170 duce
684 2140 711 2168 Ω
799 2136 965 2168 uiator-um
983 2135 1014 2167 Ο
1027 2134 1132 2167 Lam.
1150 2144 1203 2175 33.
1222 2144 1261 2166 ιο
1276 2145 1284 2166 :
1306 2134 1426 2166 uiatori
1441 2134 1483 2166 nl.
1502 2143 1574 2165 rum

264 2182 366 2214 RVen
454 2181 554 2214 basso
566 2203 575 2213 .
590 2205 599 2214 .
613 2204 623 2214 .
637 2181 786 2212 leuamus
801 2182 828 2210 Ω
842 2189 850 2211 :
872 2189 950 2211 corr.
965 2178 1014 2211 ed.
1031 2177 1148 2209 Parm.
1168 2187 1250 2217 1⁴73
1264 2189 1272 2209 ε
1293 2186 1408 2209 crasso
1423 2177 1476 2208 uel
1487 2176 1576 2208 salso

264 2226 431 2256 Baehrens
515 2226 558 2264 63
581 2223 644 2255 hec
656 2223 687 2254 Ο
700 2222 848 2255 etPan's.
859 2223 946 2262 7989
1009 2220 1224 2252 uelutheeafi
1308 2221 1352 2259 64
1371 2218 1479 2251 lenius
1487 2219 1574 2259 hap:

265 2269 372 2300 leuius
388 2271 414 2299 Ω
516 2269 559 2308 65
582 2266 759 2307 implorata
773 2265 817 2306 hp
831 2276 839 2296 ε
864 2264 1038 2305 implorate
1048 2266 1093 2295 n:
1116 2263 1262 2305 impl(ph
1277 2262 1499 2303 Bod.)orante
1512 2272 1534 2292 a
1548 2264 1578 2293 d

265 2311 346 2343 Bod.
365 2310 440 2342 Lat.
461 2310 564 2342 Closs.
577 2320 601 2341 e.
619 2318 677 2349 15:
704 2307 882 2349 imploratu
898 2307 1058 2340 Lacum:
1085 2306 1253 2348 implorati
1267 2304 1393 2346 Hom:
1409 2304 1490 2344 son.
1510 2304 1575 2335 inm

266 2356 340 2386 uice
358 2353 503 2386 Pollucis
520 2353 585 2385 iam
600 2351 748 2384 castoris
764 2351 938 2391 implorata
