1592 2664
115 104 355 145 CATVLLI

167 212 326 254 cenabis
356 213 479 253 bene:
518 225 608 252 nam
637 211 693 251 tui
722 210 866 252 Catulli

168 279 306 329 plenus
335 277 511 316 sacculus
540 283 598 316 est
625 286 864 315 aranearum.

170 341 239 380 sed
267 348 403 380 contra
429 339 597 390 accipies
627 351 753 378 meros
781 349 934 377 amores

168 417 237 443 seu
265 403 360 454 quid
389 402 546 442 suauius
574 401 838 452 elegantiusue
863 408 945 441 est:
1383 415 1426 442 ιο

169 480 260 506 nam
289 474 530 517 unguentum
559 466 674 513 dabo,
705 466 815 516 quod
843 477 954 505 meae
980 464 1134 516 pueuae

169 532 365 570 donarunt
394 531 567 569 Veneres
596 528 903 580 Cupidinesque,

168 594 278 645 quod
306 600 347 632 tu
375 606 465 632 cum
494 591 662 640 olsacies,
692 593 789 631 deos
817 591 980 642 rogabis,

169 664 295 698 totum
323 663 366 696 ut
393 664 431 697 te
458 656 613 704 saciant,
644 656 817 703 Fabulle,
849 668 998 695 nasum.

646 813 747 851 XIV

172 909 254 949 Nm
284 915 323 948 te
350 909 437 959 plus
465 908 588 948 oculis
617 908 714 948 meis
741 921 924 955 amarem,

172 971 451 1012 iucundissime
480 973 613 1019 Calue,
644 985 804 1012 munere
832 971 907 1011 isto

172 1035 342 1076 odissem
371 1042 409 1075 te
437 1035 531 1075 odio
558 1035 792 1075 Vatiniano:

172 1111 263 1138 nam
292 1097 387 1149 quid
416 1098 489 1138 feci
518 1111 591 1150 ego
618 1098 766 1149 quidue
793 1111 880 1137 sum
908 1098 1072 1146 locutus,

173 1175 241 1202 cur
269 1175 332 1201 me
360 1169 418 1201 tot
446 1162 546 1201 male
574 1162 755 1212 perderes
784 1161 939 1213 poetis?
1410 1177 1431 1210 5

174 1226 236 1265 isti
264 1225 305 1265 di
335 1227 436 1265 mala
464 1226 586 1264 multa
613 1226 708 1265 dent
735 1225 878 1273 clienti,

175 1289 242 1340 qui
271 1297 422 1329 tantum
451 1289 522 1329 tibi
551 1288 655 1328 misit
682 1288 902 1339 impiorum.

175 1353 283 1404 quod
311 1352 353 1400 si,
384 1360 426 1391 ut
454 1351 640 1402 suspicor,
669 1353 746 1392 hoc
774 1365 923 1392 nouum
951 1365 998 1392 ac
1025 1359 1221 1404 repertum

176 1429 318 1455 munus
347 1417 414 1455 dat
442 1415 512 1454 tibi
541 1417 648 1455 Sulla
675 1415 872 1463 litterator,

176 1493 255 1520 non
285 1486 343 1520 est
372 1479 424 1518 mi
454 1481 566 1527 male,
595 1480 665 1519 sed
694 1480 796 1519 bene
823 1492 871 1518 ac
899 1480 1022 1526 beate,
1391 1493 1433 1517 ιο

178 1545 286 1596 quod
315 1557 395 1583 non
423 1543 647 1595 dispereunt
676 1543 731 1583 tui
760 1544 921 1583 labores.

177 1608 218 1649 di
247 1607 387 1659 magni,
419 1607 641 1647 horribilem
670 1615 708 1646 et
737 1620 887 1647 sacrum
918 1607 1116 1647 libellum!

177 1685 295 1723 quem
325 1679 366 1710 tu
395 1671 541 1711 scilicet
569 1672 621 1710 ad
650 1679 758 1710 tuum
790 1672 988 1712 Catullum

178 1736 292 1783 misti,
322 1735 511 1775 continuo
540 1743 582 1774 ut
610 1735 674 1775 die
703 1735 854 1786 periret,

178 1799 455 1846 Saturnalibus,
487 1799 638 1850 optimo
666 1798 841 1839 dierum!
1394 1814 1433 1847 ¹⁵

168 1902 189 1933 8
212 1901 343 1933 saculns
370 1901 566 1934 GORBVen
709 1912 731 1943 9
753 1912 846 1934 meos
869 1901 960 1934 oAa
1102 1910 1142 1933 ro
1162 1910 1222 1933 seu
1245 1900 1325 1941 quid
1347 1898 1439 1932 San-

126 1945 276 1976 tensanus
301 1943 532 1977 Lachmanm’:
561 1955 622 1978 seu
646 1947 703 1987 qui
731 1944 914 1977 OBCLa12
945 1954 1006 1976 seu
1031 1945 1087 1985 qui
1115 1944 1157 1976 al.
1185 1944 1274 1985 quod
1303 1942 1437 1975 GRVm

130 1997 169 2027 ¹4
194 1987 329 2019 Fabulle
346 1989 429 2028 (non
445 1988 531 2029 sab.)
549 1989 583 2020 R

171 2030 252 2062 XIV
274 2040 320 2061 Αι)
336 2040 474 2062 εΑιννκ
492 2040 628 2064 POETA!
644 2034 671 2063 Ω
689 2042 697 2064 =
719 2032 753 2063 in
770 2031 802 2064 Ο
814 2031 960 2072 spartam
977 2030 1075 2062 unius
1092 2040 1206 2062 uersus
1220 2029 1314 2061 titulo
1328 2037 1439 2062 mrem

132 2083 144 2104 1
171 2073 225 2104 nei
246 2072 463 2105 Lachmann:
488 2085 531 2107 ne
552 2078 599 2106 n:
624 2085 691 2106 nen
711 2075 747 2106 11²
893 2083 914 2113 3
936 2074 1112 2106 unciniano
1134 2071 1263 2105 GRLa¹

128 2116 223 2147 malis
239 2119 265 2146 Ω
382 2118 404 2148 6
426 2118 508 2150 dant
531 2121 558 2149 Ω
665 2128 688 2157 9
709 2117 795 2149 sulla
816 2115 851 2148 A
867 2120 897 2149 et
914 2115 1139 2148 Sanum’anus
1157 2126 1203 2147 m.
1223 2121 1272 2157 pr.
1289 2126 1296 2147 :
1329 2114 1358 2146 si
1381 2113 1440 2147 illa

131 2158 382 2191 GORBCDLa'
401 2171 408 2192 ε
430 2161 516 2201 sylla
527 2159 563 2191 D
664 2160 816 2192 literator
831 2159 928 2192 GOR
973 2158 1110 2191 Versum
1125 2158 1235 2190 alendi!
1249 2157 1440 2189 Martianus

130 2201 260 2243 Capella
284 2206 300 2241 ς
320 2214 396 2244 229,
417 2208 446 2235 et
466 2214 507 2235 ex
525 2214 571 2244 eo,
590 2206 628 2235 ut
641 2203 789 2244 creditur,
808 2202 946 2234 Ioannes
959 2201 1208 2234 saresberiensis
1223 2199 1333 2232 ueeaz.
1354 2198 1379 2232 1.
1397 2209 1439 2239 2⁴

133 2254 173 2276 to
195 2244 275 2276 mihi
292 2249 319 2277 Ω
452 2256 489 2287 ¹4
512 2246 599 2278 misti
614 2245 662 2278 ed.
676 2252 729 2288 pr.
747 2258 755 2278 :
778 2245 898 2278 misisti
913 2248 940 2276 Ω
970 2244 981 2255 “
1017 2245 1176 2278 continuo
1191 2268 1200 2277 .
1219 2248 1256 2276 ut
1273 2240 1440 2275 GORVen

130 2286 201 2328 die]
229 2289 331 2321 miser
353 2289 562 2322 Halbertsma
691 2298 730 2329 15
751 2289 865 2329 opimo
883 2288 923 2320 al.
946 2288 1074 2329 optimo
1093 2287 1228 2320 GRVen
1243 2285 1359 2318 BLa¹e
1380 2295 1441 2326 op·

132 2331 224 2372 pinio
243 2332 275 2364 Ο
362 2332 500 2364 Versum
515 2333 625 2365 attulit
639 2332 823 2364 Macrobius
837 2332 910 2364 Sat.
929 2331 964 2364 ii.
982 2342 1009 2364 1.
1026 2333 1048 2364 8
